,Bybit_ask,Bybit_bid,Bybit_tiker,Binance_ask,Binance_bid,Binance_tiker,Coinbase Pro_ask,Coinbase Pro_bid,Coinbase Pro_tiker,FTX_ask,FTX_bid,FTX_tiker
2022/2/7 0:00:03,0.249202487,0.750797513,41282.5,0.545250457,0.454749543,41302.39,0.487209562,0.512790438,41274.32,0.352346111,0.647653889,41295
2022/2/7 0:00:10,0.439759709,0.560240291,41282.5,0.403708851,0.596291149,41296.79,0.471845604,0.528154396,41274.32,0.288780033,0.711219967,41292
2022/2/7 0:00:18,0.310271794,0.689728206,41282.5,0.983873547,0.016126453,41285,0.460967305,0.539032695,41274.32,0.496588453,0.503411547,41289
2022/2/7 0:00:25,0.536042415,0.463957585,41261.5,0.444268677,0.555731323,41266.76,0.386194307,0.613805693,41259,0.452976026,0.547023974,41269
2022/2/7 0:00:32,0.701698738,0.298301262,41247,0.002860119,0.997139881,41250.04,0.536428332,0.463571668,41252.88,0.478745659,0.521254341,41251
2022/2/7 0:00:40,0.640253162,0.359746838,41247,0.264979412,0.735020588,41255.86,0.486261776,0.513738224,41252.88,0.765360478,0.234639522,41247
2022/2/7 0:00:47,0.940552945,0.059447055,41245,0.022640607,0.977359393,41250,0.446652289,0.553347711,41252.88,0.242823439,0.757176561,41235
2022/2/7 0:00:54,0.921350458,0.078649542,41243.5,0.018478994,0.981521006,41250.01,0.340236668,0.659763332,41261.5,0.371423321,0.628576679,41243
2022/2/7 0:01:03,0.843047167,0.156952833,41240.5,0.058239027,0.941760973,41250,0.388095658,0.611904342,41261.5,0.367524398,0.632475602,41240
2022/2/7 0:01:10,0.744718986,0.255281014,41240,0.033471292,0.966528708,41250.04,0.463571444,0.536428556,41261.5,0.496864677,0.503135323,41245
2022/2/7 0:01:17,0.48823169,0.51176831,41240,0.044574324,0.955425676,41255.37,0.507543544,0.492456456,41241.26,0.380322548,0.619677452,41245
2022/2/7 0:01:24,0.709491313,0.290508687,41240,0.01201564,0.98798436,41250.76,0.490572189,0.509427811,41241.26,0.648051906,0.351948094,41248
2022/2/7 0:01:32,0.722850602,0.277149398,41240.5,0.087596845,0.912403155,41250,0.332885792,0.667114208,41241.28,0.204190125,0.795809875,41237
2022/2/7 0:01:40,0.64625331,0.35374669,41240.5,0.616974599,0.383025401,41232.74,0.327496055,0.672503945,41236.29,0.605294637,0.394705363,41233
2022/2/7 0:01:47,0.917903003,0.082096997,41225,0.755354833,0.244645167,41226.99,0.508058952,0.491941048,41223.47,0.672948665,0.327051335,41224
2022/2/7 0:01:55,0.863454872,0.136545128,41185,0.292337468,0.707662532,41203.98,0.641483336,0.358516664,41203.65,0.997280869,0.002719131,41177
2022/2/7 0:02:04,0.386363636,0.613636364,41176,0.338712514,0.661287486,41171,0.397729176,0.602270824,41185.06,0.40799875,0.59200125,41166
2022/2/7 0:02:11,0.603733181,0.396266819,41140.5,0.330268799,0.669731201,41139.94,0.495539333,0.504460667,41156.59,0.865788709,0.134211291,41146
2022/2/7 0:02:19,0.912679217,0.087320783,41121,0.66304599,0.33695401,41116.57,0.402229725,0.597770275,41121.38,0.671424631,0.328575369,41121
2022/2/7 0:02:26,0.136281313,0.863718687,41145.5,0.256341535,0.743658465,41164.73,0.268731383,0.731268617,41133.9,0.394204679,0.605795321,41165
2022/2/7 0:02:34,0.037645115,0.962354885,41181,0.071539868,0.928460132,41210.86,0.534281029,0.465718971,41221.82,0.109090239,0.890909761,41211
2022/2/7 0:02:41,0.5718705,0.4281295,41215.5,0.28285402,0.71714598,41220.77,0.365190357,0.634809643,41226.37,0.228558514,0.771441486,41224
2022/2/7 0:02:50,0.127882933,0.872117067,41236.5,0.468246812,0.531753188,41262.7,0.510119017,0.489880983,41226.37,0.225438565,0.774561435,41265
2022/2/7 0:02:58,0.057965393,0.942034607,41250,0.684284702,0.315715298,41271,0.445217802,0.554782198,41226.37,0.471874923,0.528125077,41266
2022/2/7 0:03:05,0.075186695,0.924813305,41249.5,0.492648946,0.507351054,41272.82,0.396567919,0.603432081,41226.37,0.118922288,0.881077712,41272
2022/2/7 0:03:13,0.667896643,0.332103357,41219,0.186400905,0.813599095,41220.61,0.20486829,0.79513171,41226.37,0.721347185,0.278652815,41219
2022/2/7 0:03:21,0.310167068,0.689832932,41167,0.666017483,0.333982517,41196.38,0.348392466,0.651607534,41204.2,0.532063585,0.467936415,41211
2022/2/7 0:03:29,0.356788358,0.643211642,41167,0.692142662,0.307857338,41200.27,0.258582983,0.741417017,41204.2,0.488254513,0.511745487,41200
2022/2/7 0:03:37,0.217427108,0.782572892,41201.5,0.793734337,0.206265663,41230.08,0.426127472,0.573872528,41204.2,0.376661421,0.623338579,41224
2022/2/7 0:03:44,0.868152771,0.131847229,41197.5,0.125840849,0.874159151,41214.03,0.260366463,0.739633537,41207.75,0.303523419,0.696476581,41212
2022/2/7 0:03:51,0.695933316,0.304066684,41197.5,0.240241073,0.759758927,41225.93,0.378380426,0.621619574,41207.75,0.445712658,0.554287342,41211
2022/2/7 0:03:58,0.062216254,0.937783746,41199.5,0.309339934,0.690660066,41243.42,0.489512655,0.510487345,41236.37,0.466305588,0.533694412,41252
2022/2/7 0:04:06,0.357350875,0.642649125,41217.5,0.128348397,0.871651603,41242.02,0.252944526,0.747055474,41236.37,0.339092802,0.660907198,41237
2022/2/7 0:04:13,0.301527119,0.698472881,41217.5,0.579062605,0.420937395,41242.02,0.34637081,0.65362919,41236.37,0.470614567,0.529385433,41240
2022/2/7 0:04:20,0.806686916,0.193313084,41185.5,0.697593053,0.302406947,41182.36,0.40822136,0.59177864,41233.56,0.742625111,0.257374889,41187
2022/2/7 0:04:28,0.198849711,0.801150289,41177.5,0.894969723,0.105030277,41202.01,0.255357743,0.744642257,41180.63,0.261739046,0.738260954,41196
2022/2/7 0:04:36,0.072403488,0.927596512,41196,0.076470601,0.923529399,41231,0.525456783,0.474543217,41208.46,0.335374268,0.664625732,41225
2022/2/7 0:04:44,0.886322077,0.113677923,41207,0.688187828,0.311812172,41212.51,0.368276662,0.631723338,41208.46,0.503528574,0.496471426,41198
2022/2/7 0:04:53,0.310360869,0.689639131,41190.5,0.419927826,0.580072174,41217,0.438809692,0.561190308,41208.46,0.595671151,0.404328849,41217
2022/2/7 0:05:00,0.281570872,0.718429128,41209.5,0.892100787,0.107899213,41234.2,0.230708909,0.769291091,41208.46,0.407493912,0.592506088,41250
2022/2/7 0:05:08,0.487135716,0.512864284,41214.5,0.529499653,0.470500347,41237.47,0.382598639,0.617401361,41208.46,0.495647534,0.504352466,41228
2022/2/7 0:05:16,0.903989576,0.096010424,41214.5,0.751228639,0.248771361,41212.74,0.510528599,0.489471401,41218.86,0.516903598,0.483096402,41216
2022/2/7 0:05:25,0.739483717,0.260516283,41191,0.481332553,0.518667447,41205.84,0.24807458,0.75192542,41222.61,0.427872604,0.572127396,41201
2022/2/7 0:05:32,0.584887862,0.415112138,41170.5,0.859807655,0.140192345,41202.64,0.364970899,0.635029101,41210.14,0.473078125,0.526921875,41198
2022/2/7 0:05:39,0.56324283,0.43675717,41170.5,0.729680153,0.270319847,41200,0.356366049,0.643633951,41210.14,0.746041911,0.253958089,41193
2022/2/7 0:05:46,0.562522758,0.437477242,41171,0.530895875,0.469104125,41200,0.417799361,0.582200639,41210.14,0.315920779,0.684079221,41196
2022/2/7 0:05:53,0.43690385,0.56309615,41200,0.492860276,0.507139724,41222.84,0.465301287,0.534698713,41203.82,0.756937752,0.243062248,41219
2022/2/7 0:06:01,0.007349593,0.992650407,41226,0.67249117,0.32750883,41263.62,0.342923842,0.657076158,41203.82,0.535916634,0.464083366,41261
2022/2/7 0:06:08,0.915327571,0.084672429,41237,0.314584249,0.685415751,41249.5,0.391278683,0.608721317,41269.36,0.355088517,0.644911483,41260
2022/2/7 0:06:15,0.21039895,0.78960105,41242.5,0.180202074,0.819797926,41275.09,0.488475916,0.511524084,41269.36,0.564457994,0.435542006,41265
2022/2/7 0:06:22,0.175655589,0.824344411,41246,0.143113007,0.856886993,41295.23,0.52942757,0.47057243,41260.45,0.237663162,0.762336838,41296
2022/2/7 0:06:31,0.816813987,0.183186013,41277.5,0.171544904,0.828455096,41294.58,0.397346129,0.602653871,41260.45,0.4065939,0.5934061,41289
2022/2/7 0:06:39,0.010900599,0.989099401,41288,0.217153224,0.782846776,41326.38,0.514321746,0.485678254,41322.84,0.279349334,0.720650666,41313
2022/2/7 0:06:48,0.728242775,0.271757225,41309.5,0.594403723,0.405596277,41324.26,0.399521452,0.600478548,41322.84,0.417535946,0.582464054,41333
2022/2/7 0:06:55,0.412364815,0.587635185,41310,0.179863487,0.820136513,41343.67,0.426055448,0.573944552,41351.6,0.284853813,0.715146187,41346
2022/2/7 0:07:04,0.529547139,0.470452861,41330,0.480380561,0.519619439,41350.43,0.501038916,0.498961084,41351.6,0.331178662,0.668821338,41338
2022/2/7 0:07:11,0.34507485,0.65492515,41330,0.104452256,0.895547744,41350.7,0.36187607,0.63812393,41351.6,0.391188683,0.608811317,41350
2022/2/7 0:07:18,0.150856194,0.849143806,41335,0.445557802,0.554442198,41366.63,0.508992924,0.491007076,41351.6,0.54792424,0.45207576,41361
2022/2/7 0:07:25,0.037004967,0.962995033,41350,0.030006816,0.969993184,41389.64,0.326851665,0.673148335,41375.5,0.426683533,0.573316467,41392
2022/2/7 0:07:34,0.653302688,0.346697312,41434,0.714302222,0.285697778,41425.25,0.5254446,0.4745554,41431.47,0.633106132,0.366893868,41421
2022/2/7 0:07:42,0.841981398,0.158018602,41402,0.629909192,0.370090808,41409.08,0.422069227,0.577930773,41414.16,0.643845265,0.356154735,41415
2022/2/7 0:07:50,0.419877977,0.580122023,41401.5,0.287960762,0.712039238,41416.31,0.34002546,0.65997454,41414.16,0.489602762,0.510397238,41419
2022/2/7 0:07:57,0.798795472,0.201204528,41393,0.727010158,0.272989842,41394.9,0.352071995,0.647928005,41414.16,0.551832141,0.448167859,41395
2022/2/7 0:08:05,0.865228875,0.134771125,41392.5,0.205107877,0.794892123,41405.36,0.273503776,0.726496224,41410.08,0.410578989,0.589421011,41403
2022/2/7 0:08:12,0.775779867,0.224220133,41390,0.339161058,0.660838942,41397.79,0.271315097,0.728684903,41410.08,0.487769913,0.512230087,41421
2022/2/7 0:08:20,0.988992115,0.011007885,41380,0.414592856,0.585407144,41377.57,0.411416105,0.588583895,41389.36,0.84491812,0.15508188,41376
2022/2/7 0:08:27,0.937491436,0.062508564,41365.5,0.569539504,0.430460496,41371.06,0.400752372,0.599247628,41385.9,0.376987431,0.623012569,41376
2022/2/7 0:08:34,0.800390441,0.199609559,41344,0.523082846,0.476917154,41357.41,0.197408941,0.802591059,41385.9,0.470536911,0.529463089,41366
2022/2/7 0:08:41,0.811030597,0.188969403,41344,0.762895543,0.237104457,41364.3,0.33303213,0.66696787,41373.48,0.613465943,0.386534057,41360
2022/2/7 0:08:49,0.660437791,0.339562209,41344,0.290732395,0.709267605,41364.27,0.263824424,0.736175576,41373.48,0.640664233,0.359335767,41360
2022/2/7 0:08:56,0.256461795,0.743538205,41345.5,0.86598101,0.13401899,41364.48,0.352355393,0.647644607,41373.48,0.55308693,0.44691307,41377
2022/2/7 0:09:05,0.858767348,0.141232652,41345,0.121194805,0.878805195,41358.12,0.50150838,0.49849162,41373.48,0.56188391,0.43811609,41358
2022/2/7 0:09:12,0.673103868,0.326896132,41345,0.099916145,0.900083855,41368.02,0.477283354,0.522716646,41373.48,0.692287268,0.307712732,41358
2022/2/7 0:09:19,0.932913656,0.067086344,41345,0.357450766,0.642549234,41355.73,0.335509657,0.664490343,41373.48,0.612306296,0.387693704,41358
2022/2/7 0:09:26,0.879501953,0.120498047,41336,0.673497334,0.326502666,41336.78,0.345122053,0.654877947,41373.48,0.757873272,0.242126728,41340
2022/2/7 0:09:35,0.660060233,0.339939767,41311,0.574635512,0.425364488,41324.5,0.358435847,0.641564153,41373.48,0.494360595,0.505639405,41326
2022/2/7 0:09:42,0.966852396,0.033147604,41311,0.874385456,0.125614544,41317.19,0.422713939,0.577286061,41373.48,0.666082529,0.333917471,41322
2022/2/7 0:09:49,0.439874087,0.560125913,41303,0.213690536,0.786309464,41327.47,0.442928032,0.557071968,41373.48,0.732823855,0.267176145,41322
2022/2/7 0:09:56,0.010511925,0.989488075,41327,0.378221166,0.621778834,41368.15,0.444609702,0.555390298,41373.48,0.491669705,0.508330295,41352
2022/2/7 0:10:04,0.975633438,0.024366562,41337,0.370153967,0.629846033,41350.35,0.560496705,0.439503295,41345.03,0.584249918,0.415750082,41353
2022/2/7 0:10:11,0.814286606,0.185713394,41327,0.512569611,0.487430389,41333.62,0.406754696,0.593245304,41345.03,0.821605917,0.178394083,41338
2022/2/7 0:10:20,0.990100022,0.009899978,41324.5,0.796581016,0.203418984,41330,0.428334794,0.571665206,41345.03,0.642617272,0.357382728,41329
2022/2/7 0:10:28,0.859049966,0.140950034,41319,0.539173136,0.460826864,41325.8,0.46083766,0.53916234,41333.61,0.636165339,0.363834661,41342
2022/2/7 0:10:35,0.9126552,0.0873448,41317.5,0.757518098,0.242481902,41327.98,0.455830241,0.544169759,41318.66,0.737538053,0.262461947,41326
2022/2/7 0:10:43,0.721064783,0.278935217,41303.5,0.372274955,0.627725045,41316.74,0.367258976,0.632741024,41318.66,0.728987789,0.271012211,41318
2022/2/7 0:10:50,0.978259121,0.021740879,41300.5,0.728336852,0.271663148,41301,0.39201086,0.60798914,41318.66,0.692821544,0.307178456,41303
2022/2/7 0:10:57,0.58403122,0.41596878,41283.5,0.613053072,0.386946928,41304.45,0.436032073,0.563967927,41299.84,0.894024431,0.105975569,41300
2022/2/7 0:11:04,0.859082555,0.140917445,41283.5,0.675007963,0.324992037,41289.63,0.350740467,0.649259533,41299.84,0.978313132,0.021686868,41285
2022/2/7 0:11:11,0.952180083,0.047819917,41280,0.978869194,0.021130806,41277.95,0.431087376,0.568912624,41299.84,0.648649766,0.351350234,41279
2022/2/7 0:11:19,0.766619268,0.233380732,41279,0.531021334,0.468978666,41294.6,0.541443033,0.458556967,41299.84,0.594364147,0.405635853,41305
2022/2/7 0:11:26,0.88159056,0.11840944,41279.5,0.888271211,0.111728789,41288.97,0.44989676,0.55010324,41299.84,0.518044438,0.481955562,41305
2022/2/7 0:11:34,0.927031984,0.072968016,41279,0.296562214,0.703437786,41279.93,0.466528197,0.533471803,41299.84,0.62242546,0.37757454,41305
2022/2/7 0:11:41,0.834914094,0.165085906,41279,0.51634882,0.48365118,41289.2,0.443563852,0.556436148,41299.84,0.811692194,0.188307806,41281
2022/2/7 0:11:49,0.87267019,0.12732981,41279.5,0.420691749,0.579308251,41300,0.484988651,0.515011349,41296.99,0.249566636,0.750433364,41305
2022/2/7 0:11:56,0.603108837,0.396891163,41300,0.563041036,0.436958964,41313.54,0.455441576,0.544558424,41311.32,0.697850171,0.302149829,41311
2022/2/7 0:12:04,0.581397251,0.418602749,41299.5,0.39319931,0.60680069,41317.01,0.414927553,0.585072447,41305.79,0.45316012,0.54683988,41307
2022/2/7 0:12:12,0.912899773,0.087100227,41300,0.612549528,0.387450472,41307.12,0.506686945,0.493313055,41315.4,0.299316817,0.700683183,41304
2022/2/7 0:12:20,0.248659375,0.751340625,41300,0.336121268,0.663878732,41325.72,0.600411824,0.399588176,41315.4,0.521198906,0.478801094,41323
2022/2/7 0:12:28,0.031681286,0.968318714,41319,0.684956322,0.315043678,41349.61,0.626666547,0.373333453,41358.55,0.470086857,0.529913143,41357
2022/2/7 0:12:35,0.099813171,0.900186829,41333,0.269755994,0.730244006,41361.64,0.592244057,0.407755943,41358.55,0.542577402,0.457422598,41354
2022/2/7 0:12:43,0.083548911,0.916451089,41344,0.055998673,0.944001327,41381.98,0.612228223,0.387771777,41350.17,0.220323399,0.779676601,41376
2022/2/7 0:12:50,0.74734175,0.25265825,41369.5,0.714570885,0.285429115,41382.45,0.537860599,0.462139401,41386.48,0.495489271,0.504510729,41388
2022/2/7 0:12:58,0.694241071,0.305758929,41370,0.596411114,0.403588886,41379.92,0.498939958,0.501060042,41386.48,0.553983509,0.446016491,41380
2022/2/7 0:13:06,0.591258978,0.408741022,41369.5,0.722498435,0.277501565,41381.75,0.529090023,0.470909977,41386.48,0.499874266,0.500125734,41376
2022/2/7 0:13:15,0.526826437,0.473173563,41369.5,0.288880465,0.711119535,41391.8,0.549401891,0.450598109,41370.88,0.486253644,0.513746356,41376
2022/2/7 0:13:22,0.638786771,0.361213229,41369.5,0.749900461,0.250099539,41381,0.543378911,0.456621089,41370.88,0.457143757,0.542856243,41376
2022/2/7 0:13:29,0.946498842,0.053501158,41369.5,0.179208266,0.820791734,41370.21,0.564679608,0.435320392,41370.88,0.444635016,0.555364984,41369
2022/2/7 0:13:36,0.843611227,0.156388773,41352,0.50417382,0.49582618,41359.52,0.487900728,0.512099272,41370.88,0.626331297,0.373668703,41366
2022/2/7 0:13:45,0.807031871,0.192968129,41351.5,0.710556147,0.289443853,41365.21,0.48798576,0.51201424,41370.88,0.329218166,0.670781834,41366
2022/2/7 0:13:52,0.709103054,0.290896946,41352,0.082558133,0.917441867,41368.65,0.55563225,0.44436775,41370.88,0.455891841,0.544108159,41375
2022/2/7 0:14:00,0.724243061,0.275756939,41351.5,0.219833425,0.780166575,41369.99,0.59299542,0.40700458,41370.88,0.422701662,0.577298338,41375
2022/2/7 0:14:07,0.747416055,0.252583945,41351,0.149099296,0.850900704,41369.99,0.568251585,0.431748415,41375.92,0.275808828,0.724191172,41375
2022/2/7 0:14:15,0.797773547,0.202226453,41351.5,0.661565535,0.338434465,41367.83,0.565504447,0.434495553,41375.92,0.529375221,0.470624779,41375
2022/2/7 0:14:22,0.825237991,0.174762009,41351.5,0.801789058,0.198210942,41366.25,0.625543808,0.374456192,41375.92,0.45116128,0.54883872,41375
2022/2/7 0:14:30,0.807739308,0.192260692,41351,0.894915466,0.105084534,41355.21,0.476397006,0.523602994,41375.92,0.670921785,0.329078215,41344
2022/2/7 0:14:38,0.88498944,0.11501056,41332.5,0.098877346,0.901122654,41343.11,0.626348975,0.373651025,41332.07,0.507855295,0.492144705,41344
2022/2/7 0:14:46,0.984398551,0.015601449,41326,0.341364967,0.658635033,41332.2,0.583205525,0.416794475,41332.04,0.404911998,0.595088002,41331
2022/2/7 0:14:54,0.007178376,0.992821624,41332.5,0.570300552,0.429699448,41365.3,0.56654372,0.43345628,41345.65,0.551100599,0.448899401,41332
2022/2/7 0:15:02,0.611895042,0.388104958,41341,0.703716546,0.296283454,41352.97,0.425600723,0.574399277,41345.65,0.402797732,0.597202268,41342
2022/2/7 0:15:10,0.840996633,0.159003367,41329.5,0.205914776,0.794085224,41338.58,0.645140705,0.354859295,41345.65,0.760029542,0.239970458,41336
2022/2/7 0:15:17,0.249137941,0.750862059,41329,0.145359156,0.854640844,41365.28,0.549733537,0.450266463,41345.65,0.421867794,0.578132206,41356
2022/2/7 0:15:25,0.018447306,0.981552694,41339.5,0.259241063,0.740758937,41388.5,0.77182046,0.22817954,41345.65,0.422124221,0.577875779,41376
2022/2/7 0:15:33,0.018324005,0.981675995,41352.5,0.654982255,0.345017745,41414.13,0.570142893,0.429857107,41345.65,0.260817332,0.739182668,41405
2022/2/7 0:15:41,0.513347684,0.486652316,41407,0.289014727,0.710985273,41432.01,0.399366369,0.600633631,41427.19,0.55499594,0.44500406,41424
2022/2/7 0:15:48,0.760253507,0.239746493,41397.5,0.215726749,0.784273251,41426.24,0.544571962,0.455428038,41420.32,0.693129179,0.306870821,41425
2022/2/7 0:15:55,0.65064863,0.34935137,41397,0.128112395,0.871887605,41426.37,0.558306929,0.441693071,41420.32,0.729652431,0.270347569,41417
2022/2/7 0:16:03,0.602106032,0.397893968,41397,0.159140544,0.840859456,41420.12,0.471096624,0.528903376,41420.32,0.378453399,0.621546601,41414
2022/2/7 0:16:10,0.750729965,0.249270035,41397.5,0.070526862,0.929473138,41421.01,0.529601469,0.470398531,41419.06,0.446722884,0.553277116,41417
2022/2/7 0:16:18,0.688593106,0.311406894,41397.5,0.039540492,0.960459508,41421.05,0.495610857,0.504389143,41423.45,0.592206503,0.407793497,41419
2022/2/7 0:16:25,0.663383712,0.336616288,41397,0.055317616,0.944682384,41421.05,0.559005028,0.440994972,41423.45,0.567396781,0.432603219,41419
2022/2/7 0:16:33,0.490327123,0.509672877,41397,0.595595215,0.404404785,41427.29,0.413395434,0.586604566,41423.71,0.641963272,0.358036728,41419
2022/2/7 0:16:41,0.569276991,0.430723009,41397,0.802889892,0.197110108,41405.46,0.439387307,0.560612693,41408.78,0.645754768,0.354245232,41408
2022/2/7 0:16:48,0.930419511,0.069580489,41375,0.848027046,0.151972954,41400.01,0.382129083,0.617870917,41408.78,0.643173427,0.356826573,41387
2022/2/7 0:16:56,0.819704953,0.180295047,41368.5,0.717782664,0.282217336,41390,0.366239812,0.633760188,41408.78,0.505071421,0.494928579,41387
2022/2/7 0:17:03,0.573467727,0.426532273,41368.5,0.526936928,0.473063072,41408.1,0.416247295,0.583752705,41408.78,0.475080526,0.524919474,41400
2022/2/7 0:17:12,0.877730272,0.122269728,41389,0.806867123,0.193132877,41410.1,0.438755204,0.561244796,41405.59,0.444754352,0.555245648,41415
2022/2/7 0:17:19,0.90788042,0.09211958,41378,0.264746408,0.735253592,41391.35,0.325885265,0.674114735,41392.06,0.608762648,0.391237352,41387
2022/2/7 0:17:27,0.782390235,0.217609765,41361,0.26000258,0.73999742,41383.21,0.338195061,0.661804939,41392.06,0.500529909,0.499470091,41387
2022/2/7 0:17:34,0.793243109,0.206756891,41361,0.95636908,0.04363092,41381.97,0.436466598,0.563533402,41385.06,0.635307394,0.364692606,41379
2022/2/7 0:17:42,0.806784435,0.193215565,41361,0.810347871,0.189652129,41381.97,0.445207484,0.554792516,41385.06,0.525185485,0.474814515,41379
2022/2/7 0:17:50,0.748325681,0.251674319,41361,0.580687065,0.419312935,41381.97,0.61139521,0.38860479,41380.55,0.493746718,0.506253282,41388
2022/2/7 0:17:57,0.964726655,0.035273345,41360.5,0.387264118,0.612735882,41365.75,0.367941247,0.632058753,41380.55,0.31987339,0.68012661,41366
2022/2/7 0:18:05,0.869225818,0.130774182,41346.5,0.146858674,0.853141326,41354.07,0.465262117,0.534737883,41380.55,0.540263793,0.459736207,41359
2022/2/7 0:18:12,0.828926161,0.171073839,41346.5,0.088303178,0.911696822,41364.12,0.562475951,0.437524049,41360.46,0.76441259,0.23558741,41360
2022/2/7 0:18:19,0.801016358,0.198983642,41346.5,0.199356826,0.800643174,41357.92,0.479974396,0.520025604,41360.46,0.552288959,0.447711041,41355
2022/2/7 0:18:26,0.829883225,0.170116775,41347,0.442155506,0.557844494,41355.94,0.498363534,0.501636466,41360.46,0.301987473,0.698012527,41355
2022/2/7 0:18:34,0.868612984,0.131387016,41346.5,0.79754797,0.20245203,41354.08,0.441389072,0.558610928,41360.46,0.59425809,0.40574191,41351
2022/2/7 0:18:41,0.838312948,0.161687052,41346.5,0.784553895,0.215446105,41354.07,0.525077639,0.474922361,41360.46,0.433332614,0.566667386,41352
2022/2/7 0:18:49,0.950379747,0.049620253,41345,0.520736079,0.479263921,41340.52,0.506339161,0.493660839,41360.46,0.689519171,0.310480829,41345
2022/2/7 0:18:56,0.94582833,0.05417167,41335.5,0.828151161,0.171848839,41340.76,0.397069734,0.602930266,41342.43,0.616994088,0.383005912,41338
2022/2/7 0:19:03,0.977701242,0.022298758,41336,0.31108254,0.68891746,41336.2,0.507930301,0.492069699,41342.43,0.585058648,0.414941352,41339
2022/2/7 0:19:10,0.968188461,0.031811539,41331.5,0.668460859,0.331539141,41331.99,0.388664651,0.611335349,41342.43,0.505303609,0.494696391,41339
2022/2/7 0:19:18,0.972458301,0.027541699,41326.5,0.831227982,0.168772018,41331.87,0.406469189,0.593530811,41342.43,0.593329485,0.406670515,41334
2022/2/7 0:19:25,0.795492241,0.204507759,41326,0.349461946,0.650538054,41344.49,0.407663913,0.592336087,41320.67,0.583302609,0.416697391,41346
2022/2/7 0:19:33,0.018447992,0.981552008,41326,0.371261234,0.628738766,41362.43,0.367916049,0.632083951,41320.67,0.557348333,0.442651667,41346
2022/2/7 0:19:40,0.258943304,0.741056696,41332,0.587817466,0.412182534,41362.49,0.346370283,0.653629717,41320.67,0.503488198,0.496511802,41355
2022/2/7 0:19:47,0.619350899,0.380649101,41331.5,0.531043816,0.468956184,41342.99,0.449765774,0.550234226,41346.86,0.404096053,0.595903947,41353
2022/2/7 0:19:56,0.95367936,0.04632064,41331.5,0.519818946,0.480181054,41337.33,0.445005807,0.554994193,41344.08,0.579471836,0.420528164,41335
2022/2/7 0:20:03,0.984530757,0.015469243,41331.5,0.109333981,0.890666019,41337.17,0.521086076,0.478913924,41330.99,0.547637263,0.452362737,41333
2022/2/7 0:20:11,0.930826027,0.069173973,41328.5,0.159871184,0.840128816,41337.19,0.449404657,0.550595343,41330.99,0.500281618,0.499718382,41333
2022/2/7 0:20:19,0.462446057,0.537553943,41328.5,0.151521122,0.848478878,41353.39,0.390724814,0.609275186,41330.99,0.589189552,0.410810448,41333
2022/2/7 0:20:26,0.34431473,0.65568527,41355,0.523316274,0.476683726,41381.01,0.366313105,0.633686895,41376.34,0.468226524,0.531773476,41376
2022/2/7 0:20:33,0.784263936,0.215736064,41355,0.599081101,0.400918899,41367.01,0.348148386,0.651851614,41376.34,0.214440018,0.785559982,41376
2022/2/7 0:20:41,0.730195178,0.269804822,41354.5,0.53711104,0.46288896,41369.99,0.467935408,0.532064592,41363.58,0.488424443,0.511575557,41360
2022/2/7 0:20:48,0.96550308,0.03449692,41336.5,0.676793814,0.323206186,41340.49,0.412352979,0.587647021,41363.58,0.482056209,0.517943791,41345
2022/2/7 0:20:56,0.79018592,0.20981408,41333,0.303428451,0.696571549,41349.99,0.550626044,0.449373956,41348.14,0.376508429,0.623491571,41340
2022/2/7 0:21:04,0.198763212,0.801236788,41333,0.157348462,0.842651538,41366.57,0.544158641,0.455841359,41348.14,0.441041235,0.558958765,41340
2022/2/7 0:21:11,0.182771669,0.817228331,41345,0.929794955,0.070205045,41369.7,0.52952444,0.47047556,41358.51,0.470937142,0.529062858,41358
2022/2/7 0:21:21,0.570133531,0.429866469,41345,0.732154743,0.267845257,41365.68,0.486725242,0.513274758,41358.51,0.571221628,0.428778372,41361
2022/2/7 0:21:29,0.039580733,0.960419267,41350,0.710723524,0.289276476,41381.67,0.575777816,0.424222184,41358.51,0.495954524,0.504045476,41367
2022/2/7 0:21:36,0.807764393,0.192235607,41360,0.281856729,0.718143271,41369.01,0.499303408,0.500696592,41363.01,0.39682964,0.60317036,41367
2022/2/7 0:21:44,0.779376564,0.220623436,41359.5,0.097091222,0.902908778,41371.66,0.508589709,0.491410291,41365.07,0.45837727,0.54162273,41367
2022/2/7 0:21:51,0.783894149,0.216105851,41360,0.708603896,0.291396104,41374.1,0.522426129,0.477573871,41379.78,0.536540467,0.463459533,41369
2022/2/7 0:21:58,0.725699313,0.274300687,41359.5,0.689268919,0.310731081,41378.93,0.392266878,0.607733122,41370.19,0.472824216,0.527175784,41369
2022/2/7 0:22:06,0.901737807,0.098262193,41359.5,0.883105961,0.116894039,41374.1,0.55082277,0.44917723,41369.55,0.361826749,0.638173251,41366
2022/2/7 0:22:15,0.882179057,0.117820943,41360,0.865995674,0.134004326,41371.66,0.566162473,0.433837527,41369.55,0.258918783,0.741081217,41366
2022/2/7 0:22:24,0.871209885,0.128790115,41360,0.524271759,0.475728241,41365.01,0.480483172,0.519516828,41369.55,0.461987368,0.538012632,41366
2022/2/7 0:22:32,0.876055887,0.123944113,41360,0.280768561,0.719231439,41365.99,0.491820821,0.508179179,41355.13,0.447270813,0.552729187,41366
2022/2/7 0:22:39,0.874960284,0.125039716,41359.5,0.583369781,0.416630219,41366,0.480451626,0.519548374,41355.13,0.55447378,0.44552622,41353
2022/2/7 0:22:46,0.985366865,0.014633135,41345,0.887098042,0.112901958,41345.2,0.524125137,0.475874863,41355.13,0.390400955,0.609599045,41345
2022/2/7 0:22:54,0.985446468,0.014553532,41338.5,0.759749516,0.240250484,41340.02,0.546052645,0.453947355,41355.13,0.480208159,0.519791841,41339
2022/2/7 0:23:01,0.992563757,0.007436243,41333,0.321735765,0.678264235,41327.81,0.448831291,0.551168709,41355.13,0.639114397,0.360885603,41329
2022/2/7 0:23:08,0.762778303,0.237221697,41320,0.182710633,0.817289367,41338.36,0.547919385,0.452080615,41355.13,0.662555959,0.337444041,41327
2022/2/7 0:23:16,0.151321243,0.848678757,41320.5,0.082309515,0.917690485,41358.33,0.511548503,0.488451497,41336.24,0.328363705,0.671636295,41352
2022/2/7 0:23:23,0.078061865,0.921938135,41330.5,0.287218504,0.712781496,41364.98,0.481862795,0.518137205,41336.24,0.511862762,0.488137238,41357
2022/2/7 0:23:31,0.683209647,0.316790353,41330.5,0.082562354,0.917437646,41346,0.478178402,0.521821598,41336.24,0.520540733,0.479459267,41340
2022/2/7 0:23:38,0.672639545,0.327360455,41330,0.276768825,0.723231175,41353.63,0.492863916,0.507136084,41336.24,0.595438175,0.404561825,41343
2022/2/7 0:23:45,0.708488225,0.291511775,41330.5,0.448016968,0.551983032,41349.97,0.47923694,0.52076306,41336.24,0.676654381,0.323345619,41343
2022/2/7 0:23:54,0.740260191,0.259739809,41330,0.102841278,0.897158722,41346,0.580201166,0.419798834,41336.24,0.649623301,0.350376699,41339
2022/2/7 0:24:03,0.725813977,0.274186023,41330.5,0.453036657,0.546963343,41347.35,0.557910647,0.442089353,41336.24,0.723580709,0.276419291,41342
2022/2/7 0:24:11,0.877928734,0.122071266,41330,0.28632227,0.71367773,41335.64,0.485956684,0.514043316,41336.24,0.29197362,0.70802638,41332
2022/2/7 0:24:18,0.898599518,0.101400482,41328.5,0.137242144,0.862757856,41335.65,0.561930749,0.438069251,41336.24,0.334550525,0.665449475,41328
2022/2/7 0:24:28,0.906320542,0.093679458,41328.5,0.273093372,0.726906628,41337.71,0.486423782,0.513576218,41326.77,0.368414096,0.631585904,41329
2022/2/7 0:24:36,0.920581428,0.079418572,41328,0.379896501,0.620103499,41334.2,0.456474063,0.543525937,41342.02,0.527256223,0.472743777,41332
2022/2/7 0:24:44,0.904685538,0.095314462,41326,0.392763602,0.607236398,41334.22,0.323031869,0.676968131,41342.02,0.39178968,0.60821032,41332
2022/2/7 0:24:52,0.227807291,0.772192709,41326.5,0.567079019,0.432920981,41359.79,0.495147992,0.504852008,41342.02,0.317080627,0.682919373,41350
2022/2/7 0:24:59,0.217570454,0.782429546,41330,0.583695095,0.416304905,41360.69,0.364118601,0.635881399,41342.02,0.496157682,0.503842318,41357
2022/2/7 0:25:06,0.458365506,0.541634494,41329.5,0.189695327,0.810304673,41350.84,0.505723054,0.494276946,41342.02,0.420675437,0.579324563,41357
2022/2/7 0:25:14,0.511618945,0.488381055,41330,0.786808147,0.213191853,41346.82,0.399400369,0.600599631,41349.98,0.584273307,0.415726693,41350
2022/2/7 0:25:22,0.901235444,0.098764556,41327.5,0.5027172,0.4972828,41340.51,0.436563374,0.563436626,41349.98,0.302884023,0.697115977,41335
2022/2/7 0:25:29,0.692082838,0.307917162,41327.5,0.15336779,0.84663221,41349.55,0.467066902,0.532933098,41349.98,0.638294998,0.361705002,41345
2022/2/7 0:25:36,0.336385,0.663615,41327.5,0.6918681,0.3081319,41357.59,0.468462347,0.531537653,41348.79,0.70496052,0.29503948,41351
2022/2/7 0:25:43,0.819506976,0.180493024,41327,0.259402154,0.740597846,41343.69,0.462964535,0.537035465,41341.9,0.371216369,0.628783631,41337
2022/2/7 0:25:51,0.79085991,0.20914009,41327,0.268416028,0.731583972,41343.69,0.462060986,0.537939014,41341.9,0.452471939,0.547528061,41337
2022/2/7 0:25:58,0.735004561,0.264995439,41327.5,0.161796687,0.838203313,41346.4,0.656730071,0.343269929,41341.9,0.486861473,0.513138527,41337
2022/2/7 0:26:06,0.675369662,0.324630338,41327.5,0.150140325,0.849859675,41348.37,0.480915432,0.519084568,41341.9,0.471220424,0.528779576,41337
2022/2/7 0:26:13,0.602437389,0.397562611,41327,0.278384293,0.721615707,41355.73,0.472537978,0.527462022,41341.9,0.676517969,0.323482031,41337
2022/2/7 0:26:20,0.619843472,0.380156528,41327.5,0.053067554,0.946932446,41350.14,0.459889788,0.540110212,41341.9,0.724837159,0.275162841,41350
2022/2/7 0:26:28,0.633642816,0.366357184,41327.5,0.063967861,0.936032139,41351.23,0.471716994,0.528283006,41341.9,0.603745879,0.396254121,41345
2022/2/7 0:26:36,0.567998091,0.432001909,41327,0.169407442,0.830592558,41358.92,0.562177569,0.437822431,41341.9,0.574678237,0.425321763,41348
2022/2/7 0:26:43,0.174019713,0.825980287,41327.5,0.088753027,0.911246973,41364.71,0.561776129,0.438223871,41349.98,0.400250072,0.599749928,41356
2022/2/7 0:26:50,0.149048026,0.850951974,41350,0.121165538,0.878834462,41380.45,0.516019831,0.483980169,41349.98,0.324455756,0.675544244,41367
2022/2/7 0:26:58,0.134672699,0.865327301,41350,0.717331959,0.282668041,41380.55,0.404864916,0.595135084,41349.98,0.387480184,0.612519816,41367
2022/2/7 0:27:07,0.306347517,0.693652483,41350,0.742776036,0.257223964,41375,0.497825205,0.502174795,41349.98,0.247463526,0.752536474,41367
2022/2/7 0:27:14,0.066710185,0.933289815,41362,0.100414568,0.899585432,41403.36,0.408571731,0.591428269,41400,0.352552276,0.647447724,41392
2022/2/7 0:27:21,0.043132842,0.956867158,41365.5,0.548053393,0.451946607,41405.12,0.426763806,0.573236194,41410.86,0.473361329,0.526638671,41400
2022/2/7 0:27:28,0.06147196,0.93852804,41367,0.209697943,0.790302057,41409.51,0.387081181,0.612918819,41410.86,0.399546479,0.600453521,41400
2022/2/7 0:27:35,0.393327048,0.606672952,41388,0.256349649,0.743650351,41418.69,0.471848023,0.528151977,41402.05,0.314588321,0.685411679,41404
2022/2/7 0:27:43,0.8469868,0.1530132,41388,0.362701236,0.637298764,41406.75,0.508256563,0.491743437,41402.05,0.196460834,0.803539166,41401
2022/2/7 0:27:51,0.830535979,0.169464021,41388,0.190251418,0.809748582,41406.02,0.491569864,0.508430136,41402.05,0.381111465,0.618888535,41401
2022/2/7 0:27:58,0.804402141,0.195597859,41388,0.092457689,0.907542311,41408.98,0.569824812,0.430175188,41409.05,0.392593713,0.607406287,41401
2022/2/7 0:28:06,0.963902299,0.036097701,41388,0.540323335,0.459676665,41400.08,0.409705619,0.590294381,41393.31,0.353576885,0.646423115,41401
2022/2/7 0:28:13,0.827044665,0.172955335,41388,0.105101361,0.894898639,41400.12,0.557726945,0.442273055,41393.31,0.647569394,0.352430606,41401
2022/2/7 0:28:21,0.936945104,0.063054896,41388,0.796498263,0.203501737,41397.09,0.465253814,0.534746186,41393.31,0.572179536,0.427820464,41399
2022/2/7 0:28:28,0.877820375,0.122179625,41388,0.302931908,0.697068092,41397.1,0.469585737,0.530414263,41393.31,0.562040276,0.437959724,41399
2022/2/7 0:28:35,0.987088362,0.012911638,41388,0.80671511,0.19328489,41389.42,0.495428964,0.504571036,41393.31,0.487909721,0.512090279,41390
2022/2/7 0:28:44,0.919165078,0.080834922,41382,0.337002935,0.662997065,41389.42,0.488681047,0.511318953,41393.31,0.40479152,0.59520848,41390
2022/2/7 0:28:52,0.932534834,0.067465166,41382.5,0.392837677,0.607162323,41388.81,0.460848084,0.539151916,41393.31,0.520118625,0.479881375,41390
2022/2/7 0:28:59,0.918916954,0.081083046,41382.5,0.233005011,0.766994989,41388,0.441361145,0.558638855,41393.31,0.41227878,0.58772122,41388
2022/2/7 0:29:08,0.81458124,0.18541876,41382,0.157978567,0.842021433,41397.08,0.499465133,0.500534867,41393.31,0.478928493,0.521071507,41395
2022/2/7 0:29:16,0.787023484,0.212976516,41382.5,0.062996898,0.937003102,41403.68,0.531646428,0.468353572,41393.31,0.359828704,0.640171296,41400
2022/2/7 0:29:23,0.584166876,0.415833124,41382,0.39277233,0.60722767,41399.99,0.470451734,0.529548266,41399.01,0.273691111,0.726308889,41400
2022/2/7 0:29:31,0.126276063,0.873723937,41383,0.256012775,0.743987225,41407.99,0.598474276,0.401525724,41407.64,0.316959564,0.683040436,41410
2022/2/7 0:29:40,0.255286696,0.744713304,41394,0.097344184,0.902655816,41418.7,0.651714701,0.348285299,41407.64,0.281044848,0.718955152,41417
2022/2/7 0:29:47,0.168948562,0.831051438,41408,0.089117941,0.910882059,41442.25,0.638308207,0.361691793,41407.64,0.400377003,0.599622997,41440
2022/2/7 0:29:55,0.161015711,0.838984289,41413,0.239540625,0.760459375,41440.35,0.465167683,0.534832317,41407.64,0.294841439,0.705158561,41440
2022/2/7 0:30:02,0.9556635,0.0443365,41433.5,0.195322068,0.804677932,41434.08,0.584755262,0.415244738,41436.42,0.584907903,0.415092097,41424
2022/2/7 0:30:09,0.709542293,0.290457707,41415,0.408174657,0.591825343,41432.54,0.543979819,0.456020181,41436.42,0.529973225,0.470026775,41425
2022/2/7 0:30:17,0.913575321,0.086424679,41413,0.217363409,0.782636591,41417.19,0.453448236,0.546551764,41405.55,0.64480028,0.35519972,41421
2022/2/7 0:30:24,0.900262143,0.099737857,41409.5,0.072378993,0.927621007,41415.41,0.45309902,0.54690098,41421.74,0.484075296,0.515924704,41421
2022/2/7 0:30:31,0.527514336,0.472485664,41410,0.729985934,0.270014066,41424.82,0.365887067,0.634112933,41428.86,0.421384247,0.578615753,41425
2022/2/7 0:30:38,0.390771947,0.609228053,41410,0.817238369,0.182761631,41438.47,0.534059562,0.465940438,41428.86,0.396055489,0.603944511,41427
2022/2/7 0:30:46,0.255501723,0.744498277,41410,0.011837715,0.988162285,41437.62,0.485599146,0.514400854,41428.86,0.286517857,0.713482143,41427
2022/2/7 0:30:54,0.527140069,0.472859931,41415,0.386837294,0.613162706,41433.34,0.4382009,0.5617991,41428.86,0.476850453,0.523149547,41427
2022/2/7 0:31:01,0.591086176,0.408913824,41415.5,0.699297996,0.300702004,41430.96,0.446864943,0.553135057,41428.86,0.309355896,0.690644104,41427
2022/2/7 0:31:08,0.636994162,0.363005838,41415.5,0.196049227,0.803950773,41432.94,0.443607339,0.556392661,41428.86,0.256176362,0.743823638,41427
2022/2/7 0:31:15,0.688680726,0.311319274,41415,0.212734005,0.787265995,41423.2,0.56410204,0.43589796,41419.06,0.195785872,0.804214128,41423
2022/2/7 0:31:22,0.674301615,0.325698385,41415.5,0.062870262,0.937129738,41440.35,0.470800938,0.529199062,41445.2,0.396746634,0.603253366,41437
2022/2/7 0:31:29,0.045934251,0.954065749,41429,0.405394587,0.594605413,41465.68,0.440737907,0.559262093,41457.05,0.096952544,0.903047456,41451
2022/2/7 0:31:36,0.608182196,0.391817804,41450,0.09922586,0.90077414,41465.68,0.547893276,0.452106724,41467.74,0.488614007,0.511385993,41459
2022/2/7 0:31:44,0.569874226,0.430125774,41450,0.020592897,0.979407103,41473.22,0.557186848,0.442813152,41467.74,0.160247738,0.839752262,41460
2022/2/7 0:31:51,0.341328192,0.658671808,41457,0.722951951,0.277048049,41472.75,0.524250509,0.475749491,41461.97,0.165993156,0.834006844,41468
2022/2/7 0:31:58,0.405848909,0.594151091,41475.5,0.758644211,0.241355789,41488.3,0.493224345,0.506775655,41486.33,0.454122854,0.545877146,41486
2022/2/7 0:32:06,0.917746124,0.082253876,41465,0.055708238,0.944291762,41475.42,0.552467771,0.447532229,41486.33,0.312197341,0.687802659,41471
2022/2/7 0:32:13,0.762183044,0.237816956,41465,0.155766641,0.844233359,41476.16,0.544583088,0.455416912,41486.33,0.548371572,0.451628428,41474
2022/2/7 0:32:20,0.435807445,0.564192555,41465.5,0.56458968,0.43541032,41487.89,0.568076094,0.431923906,41481.27,0.474146272,0.525853728,41474
2022/2/7 0:32:28,0.462306684,0.537693316,41465.5,0.629210887,0.370789113,41487.39,0.549994138,0.450005862,41481.27,0.293889194,0.706110806,41480
2022/2/7 0:32:35,0.400224231,0.599775769,41465.5,0.360978967,0.639021033,41487.39,0.590521932,0.409478068,41481.27,0.330889093,0.669110907,41481
2022/2/7 0:32:42,0.147872461,0.852127539,41465.5,0.165510616,0.834489384,41492.56,0.51493838,0.48506162,41481.27,0.231485206,0.768514794,41492
2022/2/7 0:32:49,0.125427793,0.874572207,41477,0.586745015,0.413254985,41506.17,0.539839078,0.460160922,41481.27,0.225128603,0.774871397,41500
2022/2/7 0:32:58,0.812180432,0.187819568,41496.5,0.26144717,0.73855283,41504.09,0.451228641,0.548771359,41481.27,0.364118341,0.635881659,41497
2022/2/7 0:33:06,0.964573704,0.035426296,41488,0.064835742,0.935164258,41489.31,0.518744536,0.481255464,41481.27,0.427824287,0.572175713,41493
2022/2/7 0:33:13,0.904308025,0.095691975,41485.5,0.28582018,0.71417982,41490.75,0.535649028,0.464350972,41481.27,0.375543455,0.624456545,41487
2022/2/7 0:33:20,0.909365195,0.090634805,41475,0.607816712,0.392183288,41480,0.5973389,0.4026611,41479.55,0.430845157,0.569154843,41487
2022/2/7 0:33:28,0.896507443,0.103492557,41471,0.67316446,0.32683554,41478.01,0.569884425,0.430115575,41475.66,0.507297371,0.492702629,41471
2022/2/7 0:33:35,0.952232258,0.047767742,41455,0.350910876,0.649089124,41455.77,0.589201312,0.410798688,41444.62,0.438009973,0.561990027,41450
2022/2/7 0:33:42,0.016639204,0.983360796,41451,0.391504435,0.608495565,41500.87,0.481681261,0.518318739,41485.25,0.453634757,0.546365243,41492
2022/2/7 0:33:49,0.976326585,0.023673415,41467.5,0.393343682,0.606656318,41473.97,0.520676522,0.479323478,41484.66,0.39069744,0.60930256,41465
2022/2/7 0:33:56,0.898244019,0.101755981,41467.5,0.115998348,0.884001652,41471.38,0.36784845,0.63215155,41484.66,0.556049138,0.443950862,41463
2022/2/7 0:34:03,0.805238347,0.194761653,41467.5,0.361084794,0.638915206,41479.99,0.540895703,0.459104297,41484.66,0.498717573,0.501282427,41478
2022/2/7 0:34:11,0.616097176,0.383902824,41467,0.187267101,0.812732899,41485.61,0.663026941,0.336973059,41477.42,0.439133074,0.560866926,41478
2022/2/7 0:34:18,0.406171412,0.593828588,41467.5,0.505665616,0.494334384,41491.61,0.434614088,0.565385912,41487.9,0.335881353,0.664118647,41487
2022/2/7 0:34:25,0.285053387,0.714946613,41467,0.713504702,0.286495298,41491.6,0.371003297,0.628996703,41487.9,0.26546071,0.73453929,41487
2022/2/7 0:34:33,0.920525225,0.079474775,41467.5,0.329124394,0.670875606,41471.4,0.397307706,0.602692294,41469.45,0.641840848,0.358159152,41470
2022/2/7 0:34:40,0.755557999,0.244442001,41446,0.251399512,0.748600488,41459.29,0.528818973,0.471181027,41458.34,0.4539976,0.5460024,41456
2022/2/7 0:34:48,0.766804575,0.233195425,41446,0.44636182,0.55363818,41459.56,0.527595307,0.472404693,41458.34,0.39946458,0.60053542,41452
2022/2/7 0:34:55,0.789199124,0.210800876,41446,0.52049505,0.47950495,41458.84,0.409243472,0.590756528,41458.34,0.617743659,0.382256341,41451
2022/2/7 0:35:03,0.668410402,0.331589598,41446,0.404281953,0.595718047,41463.02,0.577610965,0.422389035,41458.34,0.532640441,0.467359559,41451
2022/2/7 0:35:11,0.633588182,0.366411818,41446.5,0.486512436,0.513487564,41459.83,0.388884354,0.611115646,41458.34,0.327271451,0.672728549,41457
2022/2/7 0:35:19,0.776000517,0.223999483,41446.5,0.245774402,0.754225598,41453.32,0.447161517,0.552838483,41458.34,0.546148048,0.453851952,41453
2022/2/7 0:35:27,0.818353307,0.181646693,41446,0.274576258,0.725423742,41455.02,0.39440006,0.60559994,41458.34,0.646457211,0.353542789,41453
2022/2/7 0:35:35,0.784611965,0.215388035,41446,0.225688637,0.774311363,41450.95,0.365773325,0.634226675,41441.46,0.338399895,0.661600105,41453
2022/2/7 0:35:42,0.93530119,0.06469881,41446,0.828314586,0.171685414,41443.13,0.385431192,0.614568808,41441.46,0.627839094,0.372160906,41441
2022/2/7 0:35:49,0.861268645,0.138731355,41430,0.626696146,0.373303854,41431.43,0.345118661,0.654881339,41441.46,0.511216673,0.488783327,41434
2022/2/7 0:35:58,0.665827482,0.334172518,41428.5,0.162954588,0.837045412,41440.09,0.405236073,0.594763927,41432.04,0.842136291,0.157863709,41434
2022/2/7 0:36:05,0.70283547,0.29716453,41428,0.219603923,0.780396077,41444.94,0.51454994,0.48545006,41426.49,0.36590845,0.63409155,41433
2022/2/7 0:36:12,0.412798955,0.587201045,41428,0.211898398,0.788101602,41444.29,0.412970154,0.587029846,41445.38,0.638519087,0.361480913,41438
2022/2/7 0:36:19,0.690865035,0.309134965,41428,0.416838829,0.583161171,41438,0.425878589,0.574121411,41445.38,0.50673108,0.49326892,41437
2022/2/7 0:36:27,0.95837053,0.04162947,41428.5,0.208665042,0.791334958,41424.97,0.508369435,0.491630565,41445.38,0.535507779,0.464492221,41428
2022/2/7 0:36:34,0.839705989,0.160294011,41423,0.380944669,0.619055331,41429.61,0.418467904,0.581532096,41435.03,0.600506095,0.399493905,41428
2022/2/7 0:36:42,0.855017278,0.144982722,41423,0.27789852,0.72210148,41426.41,0.427297951,0.572702049,41435.03,0.517566024,0.482433976,41425
2022/2/7 0:36:49,0.935735109,0.064264891,41422.5,0.242920307,0.757079693,41426.53,0.340521068,0.659478932,41435.03,0.533086954,0.466913046,41424
2022/2/7 0:36:56,0.881649562,0.118350438,41422.5,0.155582244,0.844417756,41426.95,0.377603259,0.622396741,41429.41,0.731038025,0.268961975,41424
2022/2/7 0:37:04,0.744022199,0.255977801,41422.5,0.2576763,0.7423237,41428.3,0.426216196,0.573783804,41429.41,0.495174975,0.504825025,41425
2022/2/7 0:37:11,0.823098735,0.176901265,41422.5,0.240438675,0.759561325,41427.69,0.416700753,0.583299247,41429.41,0.531736889,0.468263111,41427
2022/2/7 0:37:20,0.603849547,0.396150453,41422.5,0.675057175,0.324942825,41431.75,0.35036895,0.64963105,41429.41,0.435176502,0.564823498,41427
2022/2/7 0:37:27,0.799041674,0.200958326,41423,0.415701372,0.584298628,41428.16,0.438302487,0.561697513,41429.41,0.523866583,0.476133417,41430
2022/2/7 0:37:34,0.660832948,0.339167052,41422.5,0.25696939,0.74303061,41432.02,0.572860568,0.427139432,41416.45,0.526201867,0.473798133,41430
2022/2/7 0:37:41,0.61658642,0.38341358,41422.5,0.705783129,0.294216871,41434.52,0.460238065,0.539761935,41416.45,0.414463501,0.585536499,41433
2022/2/7 0:37:48,0.618225041,0.381774959,41423,0.25893831,0.74106169,41434.53,0.467905018,0.532094982,41416.45,0.367274315,0.632725685,41432
2022/2/7 0:37:56,0.626461862,0.373538138,41423,0.26323453,0.73676547,41430.41,0.457065022,0.542934978,41416.45,0.412585718,0.587414282,41432
2022/2/7 0:38:03,0.780800908,0.219199092,41422.5,0.157882826,0.842117174,41423.44,0.329998012,0.670001988,41416.45,0.581643387,0.418356613,41432
2022/2/7 0:38:10,0.550276805,0.449723195,41401,0.460951177,0.539048823,41400.33,0.279720675,0.720279325,41411.1,0.533646725,0.466353275,41408
2022/2/7 0:38:17,0.907123748,0.092876252,41400,0.781007097,0.218992903,41399.99,0.551993981,0.448006019,41411.1,0.760734877,0.239265123,41401
2022/2/7 0:38:24,0.829630649,0.170369351,41384,0.853602222,0.146397778,41388.3,0.390740279,0.609259721,41386.35,0.500947828,0.499052172,41392
2022/2/7 0:38:32,0.857464609,0.142535391,41384,0.175909185,0.824090815,41387.17,0.442336633,0.557663367,41386.35,0.44760664,0.55239336,41377
2022/2/7 0:38:39,0.845207337,0.154792663,41384,0.240775281,0.759224719,41397.3,0.428934475,0.571065525,41389.95,0.335542772,0.664457228,41408
2022/2/7 0:38:49,0.122041078,0.877958922,41400.5,0.159749067,0.840250933,41423.1,0.433102876,0.566897124,41389.95,0.495325742,0.504674258,41419
2022/2/7 0:38:56,0.706610425,0.293389575,41401,0.354509211,0.645490789,41409.65,0.485335093,0.514664907,41410.57,0.557819805,0.442180195,41422
2022/2/7 0:39:04,0.448261517,0.551738483,41401,0.785100186,0.214899814,41422.1,0.421647416,0.578352584,41416.64,0.521338887,0.478661113,41412
2022/2/7 0:39:12,0.832493458,0.167506542,41400.5,0.166566119,0.833433881,41404.95,0.435961899,0.564038101,41401.93,0.403641061,0.596358939,41412
2022/2/7 0:39:20,0.951799397,0.048200603,41401,0.420819423,0.579180577,41400,0.41348768,0.58651232,41401.93,0.566642165,0.433357835,41400
2022/2/7 0:39:27,0.938528156,0.061471844,41382.5,0.676655767,0.323344233,41389,0.391199304,0.608800696,41383.78,0.657932207,0.342067793,41400
2022/2/7 0:39:35,0.593522242,0.406477758,41382,0.443267118,0.556732882,41400,0.428157173,0.571842827,41383.78,0.557397533,0.442602467,41397
2022/2/7 0:39:43,0.720110847,0.279889153,41382,0.46600999,0.53399001,41388.97,0.459235816,0.540764184,41383.78,0.566380648,0.433619352,41388
2022/2/7 0:39:50,0.719696559,0.280303441,41382,0.213304244,0.786695756,41389.01,0.465444457,0.534555543,41383.78,0.391829115,0.608170885,41388
2022/2/7 0:39:57,0.975481984,0.024518016,41382,0.08515655,0.91484345,41389,0.536602609,0.463397391,41383.78,0.27023714,0.72976286,41388
2022/2/7 0:40:06,0.124273879,0.875726121,41382,0.518459828,0.481540172,41414.61,0.341193778,0.658806222,41383.78,0.309239303,0.690760697,41408
2022/2/7 0:40:13,0.479542282,0.520457718,41382.5,0.094288887,0.905711113,41395.56,0.43862922,0.56137078,41383.78,0.360524332,0.639475668,41400
2022/2/7 0:40:20,0.507057882,0.492942118,41382.5,0.345522851,0.654477149,41395.15,0.433542228,0.566457772,41383.78,0.530775886,0.469224114,41400
2022/2/7 0:40:28,0.825587367,0.174412633,41382,0.882278593,0.117721407,41384.09,0.397305171,0.602694829,41383.78,0.566124657,0.433875343,41400
2022/2/7 0:40:35,0.787315782,0.212684218,41380,0.293568568,0.706431432,41388.66,0.488858145,0.511141855,41397.49,0.524115392,0.475884608,41387
2022/2/7 0:40:45,0.111067146,0.888932854,41382,0.772578289,0.227421711,41406,0.406721662,0.593278338,41397.49,0.67468428,0.32531572,41401
2022/2/7 0:40:52,0.222621417,0.777378583,41382,0.549487993,0.450512007,41396.67,0.390781477,0.609218523,41398.24,0.528923303,0.471076697,41400
2022/2/7 0:40:59,0.059528836,0.940471164,41382.5,0.113479316,0.886520684,41406.01,0.466987771,0.533012229,41398.24,0.602308849,0.397691151,41405
2022/2/7 0:41:06,0.089844524,0.910155476,41390.5,0.28895873,0.71104127,41413.05,0.416722581,0.583277419,41398.24,0.305306978,0.694693022,41407
2022/2/7 0:41:14,0.303598714,0.696401286,41397.5,0.619378212,0.380621788,41413.47,0.439166751,0.560833249,41398.24,0.487325498,0.512674502,41412
2022/2/7 0:41:23,0.095607862,0.904392138,41398.5,0.734560472,0.265439528,41421.31,0.419925678,0.580074322,41398.24,0.481856554,0.518143446,41416
2022/2/7 0:41:30,0.245623499,0.754376501,41398.5,0.219956562,0.780043438,41410.02,0.431607501,0.568392499,41398.24,0.482035326,0.517964674,41416
2022/2/7 0:41:37,0.260479314,0.739520686,41399,0.682532771,0.317467229,41410,0.440559871,0.559440129,41398.24,0.482211973,0.517788027,41416
2022/2/7 0:41:45,0.258704153,0.741295847,41399,0.363783206,0.636216794,41413.46,0.442522659,0.557477341,41418.61,0.318048775,0.681951225,41416
2022/2/7 0:41:52,0.25899844,0.74100156,41398.5,0.108777762,0.891222238,41409.01,0.442504481,0.557495519,41418.61,0.548632316,0.451367684,41416
2022/2/7 0:42:00,0.258038317,0.741961683,41399,0.568145872,0.431854128,41407.29,0.530516986,0.469483014,41418.61,0.547100867,0.452899133,41409
2022/2/7 0:42:07,0.235835747,0.764164253,41398.5,0.233376504,0.766623496,41408.1,0.491567153,0.508432847,41418.61,0.476639336,0.523360664,41409
2022/2/7 0:42:14,0.224795668,0.775204332,41399,0.672120992,0.327879008,41410.65,0.442371372,0.557628628,41404.16,0.553832995,0.446167005,41409
2022/2/7 0:42:22,0.198745907,0.801254093,41399,0.271851849,0.728148151,41422.43,0.43268214,0.56731786,41402.51,0.448454789,0.551545211,41416
2022/2/7 0:42:29,0.035290182,0.964709818,41403,0.147276478,0.852723522,41423.08,0.389537891,0.610462109,41402.51,0.556560998,0.443439002,41416
2022/2/7 0:42:36,0.089530869,0.910469131,41409.5,0.169619538,0.830380462,41430.07,0.561685543,0.438314457,41430.97,0.337712272,0.662287728,41426
2022/2/7 0:42:44,0.003310256,0.996689744,41414.5,0.274609108,0.725390892,41438.28,0.522064755,0.477935245,41425.12,0.452627137,0.547372863,41429
2022/2/7 0:42:51,0.278876894,0.721123106,41422,0.708539076,0.291460924,41425.56,0.285773766,0.714226234,41425.12,0.377134181,0.622865819,41422
2022/2/7 0:42:58,0.44455498,0.55544502,41421.5,0.236843292,0.763156708,41420.25,0.435661316,0.564338684,41412.93,0.452640463,0.547359537,41422
2022/2/7 0:43:05,0.354111805,0.645888195,41421.5,0.135531949,0.864468051,41429.52,0.42552416,0.57447584,41412.93,0.466325003,0.533674997,41426
2022/2/7 0:43:14,0.630646769,0.369353231,41421.5,0.373258969,0.626741031,41422.25,0.444367827,0.555632173,41412.93,0.493450751,0.506549249,41426
2022/2/7 0:43:21,0.328994372,0.671005628,41422,0.223041775,0.776958225,41434.46,0.595932415,0.404067585,41412.93,0.446448238,0.553551762,41432
2022/2/7 0:43:28,0.343601153,0.656398847,41422,0.080719925,0.919280075,41428.19,0.376163224,0.623836776,41412.93,0.23240387,0.76759613,41432
2022/2/7 0:43:35,0.532057334,0.467942666,41422,0.731276034,0.268723966,41426.71,0.395883422,0.604116578,41412.93,0.48619947,0.51380053,41430
2022/2/7 0:43:42,0.947042176,0.052957824,41422,0.421461564,0.578538436,41411.97,0.437157519,0.562842481,41412.93,0.594078918,0.405921082,41430
2022/2/7 0:43:50,0.395322305,0.604677695,41408.5,0.787956424,0.212043576,41400,0.477845622,0.522154378,41412.93,0.589252663,0.410747337,41408
2022/2/7 0:43:57,0.753088718,0.246911282,41400,0.760055228,0.239944772,41392.32,0.454347836,0.545652164,41412.93,0.622461899,0.377538101,41408
2022/2/7 0:44:05,0.744015379,0.255984621,41400,0.786933938,0.213066062,41390,0.504263483,0.495736517,41412.93,0.594747163,0.405252837,41393
2022/2/7 0:44:13,0.833366859,0.166633141,41393,0.471091817,0.528908183,41387.78,0.481689746,0.518310254,41412.93,0.537610904,0.462389096,41393
2022/2/7 0:44:20,0.865700623,0.134299377,41393,0.656400727,0.343599273,41384.48,0.477037845,0.522962155,41412.93,0.465492553,0.534507447,41393
2022/2/7 0:44:27,0.925301018,0.074698982,41393.5,0.82815015,0.17184985,41382.71,0.402514392,0.597485608,41412.93,0.448492117,0.551507883,41393
2022/2/7 0:44:34,0.873633283,0.126366717,41387.5,0.825483315,0.174516685,41380.74,0.450627603,0.549372397,41371.73,0.342711228,0.657288772,41387
2022/2/7 0:44:42,0.97809013,0.02190987,41372,0.952588026,0.047411974,41368.83,0.455105138,0.544894862,41371.73,0.628159285,0.371840715,41376
2022/2/7 0:44:49,0.973128116,0.026871884,41372,0.812679878,0.187320122,41361.96,0.403033488,0.596966512,41371.73,0.428489616,0.571510384,41366
2022/2/7 0:44:56,0.81141308,0.18858692,41356,0.858641325,0.141358675,41350.99,0.351619304,0.648380696,41371.73,0.523890625,0.476109375,41355
2022/2/7 0:45:04,0.154358818,0.845641182,41356,0.421418764,0.578581236,41369.69,0.544248983,0.455751017,41371.73,0.406343429,0.593656571,41358
2022/2/7 0:45:11,0.043936482,0.956063518,41371.5,0.163659937,0.836340063,41397.99,0.478584411,0.521415589,41397.32,0.336705316,0.663294684,41399
2022/2/7 0:45:18,0.210439143,0.789560857,41392.5,0.169277171,0.830722829,41402.61,0.474837011,0.525162989,41397.32,0.404483258,0.595516742,41405
2022/2/7 0:45:25,0.41660483,0.58339517,41393,0.60043962,0.39956038,41394.66,0.470178524,0.529821476,41396.51,0.529286156,0.470713844,41398
2022/2/7 0:45:33,0.727072304,0.272927696,41393,0.918849804,0.081150196,41384,0.456133587,0.543866413,41396.51,0.339071229,0.660928771,41398
2022/2/7 0:45:40,0.479576781,0.520423219,41392.5,0.768326981,0.231673019,41397.96,0.437625695,0.562374305,41396.51,0.351432502,0.648567498,41398
2022/2/7 0:45:49,0.672254215,0.327745785,41393,0.446293786,0.553706214,41388.25,0.572428798,0.427571202,41395.93,0.370159439,0.629840561,41398
2022/2/7 0:45:57,0.674842753,0.325157247,41393,0.362550286,0.637449714,41389.49,0.503863015,0.496136985,41395.93,0.527360491,0.472639509,41390
2022/2/7 0:46:04,0.575626719,0.424373281,41392.5,0.636205711,0.363794289,41396.61,0.533925035,0.466074965,41399.21,0.664293544,0.335706456,41390
2022/2/7 0:46:11,0.563257596,0.436742404,41393,0.774319022,0.225680978,41395.7,0.432483003,0.567516997,41399.21,0.579699083,0.420300917,41390
2022/2/7 0:46:19,0.122205961,0.877794039,41393,0.363247408,0.636752592,41410.93,0.452083591,0.547916409,41402.63,0.425900011,0.574099989,41412
2022/2/7 0:46:26,0.334810851,0.665189149,41394.5,0.573181627,0.426818373,41401.53,0.430712566,0.569287434,41417.62,0.24814671,0.75185329,41412
2022/2/7 0:46:33,0.229128502,0.770871498,41394.5,0.343244246,0.656755754,41409.23,0.406687522,0.593312478,41417.62,0.490795699,0.509204301,41412
2022/2/7 0:46:40,0.054242225,0.945757775,41395,0.446591488,0.553408512,41412.65,0.56207924,0.43792076,41417.62,0.38669827,0.61330173,41413
2022/2/7 0:46:48,0.083944037,0.916055963,41400,0.080072748,0.919927252,41419.99,0.451344861,0.548655139,41420.26,0.368769817,0.631230183,41421
2022/2/7 0:46:55,0.07857798,0.92142202,41400,0.402466037,0.597533963,41423.41,0.424817762,0.575182238,41420.26,0.341859631,0.658140369,41424
2022/2/7 0:47:03,0.088059466,0.911940534,41405,0.390115446,0.609884554,41423.41,0.491792365,0.508207635,41415.63,0.377117512,0.622882488,41425
2022/2/7 0:47:10,0.256251336,0.743748664,41404.5,0.580042331,0.419957669,41420.01,0.402022777,0.597977223,41415.63,0.430059966,0.569940034,41424
2022/2/7 0:47:17,0.518312497,0.481687503,41405,0.638310484,0.361689516,41406.39,0.351435223,0.648564777,41394.92,0.428428084,0.571571916,41424
2022/2/7 0:47:24,0.524595835,0.475404165,41404.5,0.113112369,0.886887631,41410,0.454885942,0.545114058,41394.92,0.547205097,0.452794903,41406
2022/2/7 0:47:31,0.069917889,0.930082111,41410,0.183372505,0.816627495,41433.56,0.404535081,0.595464919,41423.95,0.537497495,0.462502505,41437
2022/2/7 0:47:38,0.116045414,0.883954586,41415,0.804263692,0.195736308,41433.63,0.403315958,0.596684042,41423.95,0.506427365,0.493572635,41433
2022/2/7 0:47:45,0.303732725,0.696267275,41447.5,0.513042012,0.486957988,41474.28,0.233670723,0.766329277,41468.72,0.60046192,0.39953808,41470
2022/2/7 0:47:52,0.318108106,0.681891894,41448,0.738366169,0.261633831,41479.05,0.571871354,0.428128646,41468.72,0.398059628,0.601940372,41482
2022/2/7 0:48:00,0.349488136,0.650511864,41448,0.680365389,0.319634611,41474.4,0.56577187,0.43422813,41468.72,0.341827051,0.658172949,41476
2022/2/7 0:48:07,0.236739564,0.763260436,41459.5,0.163704403,0.836295597,41493.72,0.395922082,0.604077918,41491.19,0.577431567,0.422568433,41484
2022/2/7 0:48:14,0.169060211,0.830939789,41459.5,0.069565217,0.930434783,41508.74,0.429116153,0.570883847,41491.19,0.41085563,0.58914437,41492
2022/2/7 0:48:21,0.172168539,0.827831461,41460,0.269708301,0.730291699,41501.22,0.424755961,0.575244039,41491.19,0.48935227,0.51064773,41492
2022/2/7 0:48:29,0.133243369,0.866756631,41460.5,0.294164664,0.705835336,41519.99,0.448855729,0.551144271,41506.13,0.187471825,0.812528175,41514
2022/2/7 0:48:36,0.230359041,0.769640959,41484,0.432541843,0.567458157,41510.1,0.436310078,0.563689922,41515.85,0.429654192,0.570345808,41507
2022/2/7 0:48:44,0.3469296,0.6530704,41484,0.53148253,0.46851747,41501.01,0.516977963,0.483022037,41515.85,0.440447677,0.559552323,41502
2022/2/7 0:48:51,0.234828295,0.765171705,41484,0.195741982,0.804258018,41507.35,0.450419449,0.549580551,41515.05,0.805087741,0.194912259,41513
2022/2/7 0:48:59,0.236594714,0.763405286,41483.5,0.642518314,0.357481686,41504.8,0.422282479,0.577717521,41512.78,0.448726772,0.551273228,41506
2022/2/7 0:49:06,0.294008444,0.705991556,41483.5,0.367551851,0.632448149,41501.3,0.42612431,0.57387569,41512.78,0.263275303,0.736724697,41506
2022/2/7 0:49:13,0.042931566,0.957068434,41485,0.219298482,0.780701518,41524.78,0.477455766,0.522544234,41512.78,0.293344646,0.706655354,41522
2022/2/7 0:49:22,0.074810025,0.925189975,41489.5,0.561533051,0.438466949,41526.79,0.421454592,0.578545408,41512.78,0.474477498,0.525522502,41530
2022/2/7 0:49:29,0.362154333,0.637845667,41505,0.242892049,0.757107951,41525.89,0.411908582,0.588091418,41550,0.29515373,0.70484627,41528
2022/2/7 0:49:36,0.265969749,0.734030251,41504.5,0.672226262,0.327773738,41528.78,0.483816397,0.516183603,41550,0.587325291,0.412674709,41531
2022/2/7 0:49:43,0.774331395,0.225668605,41495,0.849590425,0.150409575,41501.75,0.460995247,0.539004753,41511.86,0.470889943,0.529110057,41506
2022/2/7 0:49:51,0.524952392,0.475047608,41485,0.742726262,0.257273738,41501.22,0.463859133,0.536140867,41511.86,0.574346177,0.425653823,41506
2022/2/7 0:49:58,0.09506748,0.90493252,41490,0.848258926,0.151741074,41523.01,0.404935155,0.595064845,41518.75,0.524106132,0.475893868,41527
2022/2/7 0:50:05,0.179232959,0.820767041,41500,0.584791214,0.415208786,41534.41,0.488958448,0.511041552,41525.9,0.552005664,0.447994336,41528
2022/2/7 0:50:13,0.438070069,0.561929931,41500,0.211346262,0.788653738,41525.01,0.459810291,0.540189709,41525.9,0.404630111,0.595369889,41513
2022/2/7 0:50:20,0.228872672,0.771127328,41500,0.907564553,0.092435447,41525.02,0.470311801,0.529688199,41532.46,0.559900276,0.440099724,41513
2022/2/7 0:50:28,0.443899857,0.556100143,41500,0.143908374,0.856091626,41515.68,0.439318076,0.560681924,41532.46,0.417286777,0.582713223,41518
2022/2/7 0:50:35,0.197216332,0.802783668,41500,0.21906064,0.78093936,41526.78,0.45996061,0.54003939,41537.24,0.649127314,0.350872686,41519
2022/2/7 0:50:43,0.097675055,0.902324945,41499.5,0.324671523,0.675328477,41536.09,0.441520843,0.558479157,41537.24,0.451646201,0.548353799,41519
2022/2/7 0:50:51,0.102851769,0.897148231,41500,0.234231187,0.765768813,41536.03,0.464860222,0.535139778,41527.76,0.681983912,0.318016088,41530
2022/2/7 0:50:59,0.064280363,0.935719637,41505,0.199131922,0.800868078,41537.99,0.4455063,0.5544937,41527.76,0.239386995,0.760613005,41533
2022/2/7 0:51:06,0.118947197,0.881052803,41505,0.621955278,0.378044722,41533.48,0.372668099,0.627331901,41527.76,0.574918971,0.425081029,41533
2022/2/7 0:51:13,0.116573126,0.883426874,41505,0.299494478,0.700505522,41533.47,0.542601634,0.457398366,41527.76,0.491109288,0.508890712,41531
2022/2/7 0:51:21,0.128345097,0.871654903,41504.5,0.333017914,0.666982086,41533.51,0.612340037,0.387659963,41520.78,0.356029877,0.643970123,41531
2022/2/7 0:51:28,0.214557326,0.785442674,41504.5,0.839521405,0.160478595,41528.62,0.451378253,0.548621747,41520.78,0.298149168,0.701850832,41531
2022/2/7 0:51:36,0.935289394,0.064710606,41504.5,0.739382492,0.260617508,41512.37,0.423093694,0.576906306,41520.78,0.664149162,0.335850838,41531
2022/2/7 0:51:43,0.403351174,0.596648826,41499,0.225087792,0.774912208,41522.48,0.40677396,0.59322604,41514.52,0.557113364,0.442886636,41511
2022/2/7 0:51:50,0.664838936,0.335161064,41499,0.878979945,0.121020055,41518.08,0.621548331,0.378451669,41514.52,0.485350564,0.514649436,41511
2022/2/7 0:51:58,0.33486148,0.66513852,41499.5,0.3864462,0.6135538,41523.99,0.430800998,0.569199002,41514.52,0.422189497,0.577810503,41521
2022/2/7 0:52:05,0.554893387,0.445106613,41499,0.696516631,0.303483369,41518.1,0.693224018,0.306775982,41514.52,0.395929439,0.604070561,41522
2022/2/7 0:52:13,0.234231849,0.765768151,41499.5,0.659812778,0.340187222,41528.84,0.3740043,0.6259957,41522.64,0.629504463,0.370495537,41522
2022/2/7 0:52:21,0.234077152,0.765922848,41499.5,0.765041375,0.234958625,41526.31,0.454635807,0.545364193,41522.64,0.557676157,0.442323843,41522
2022/2/7 0:52:28,0.284788275,0.715211725,41499,0.473989118,0.526010882,41525.5,0.37907461,0.62092539,41522.64,0.441364371,0.558635629,41522
2022/2/7 0:52:35,0.354464994,0.645535006,41499,0.475242567,0.524757433,41522.48,0.376963462,0.623036538,41522.64,0.54672209,0.45327791,41522
2022/2/7 0:52:43,0.740588964,0.259411036,41499,0.686565965,0.313434035,41513.87,0.643110328,0.356889672,41519.62,0.522398571,0.477601429,41518
2022/2/7 0:52:50,0.435688866,0.564311134,41499,0.892883639,0.107116361,41524.42,0.566244631,0.433755369,41519.62,0.484983543,0.515016457,41518
2022/2/7 0:52:57,0.695074307,0.304925693,41499,0.498423017,0.501576983,41513.01,0.483216084,0.516783916,41519.62,0.55502823,0.44497177,41519
2022/2/7 0:53:04,0.802742042,0.197257958,41499,0.729421322,0.270578678,41504.01,0.538577157,0.461422843,41519.62,0.513878302,0.486121698,41515
2022/2/7 0:53:11,0.97974533,0.02025467,41498.5,0.904450104,0.095549896,41503.11,0.530609937,0.469390063,41519.62,0.606846146,0.393153854,41510
2022/2/7 0:53:19,0.698950767,0.301049233,41488,0.091799854,0.908200146,41496.24,0.663127612,0.336872388,41500,0.62778077,0.37221923,41500
2022/2/7 0:53:28,0.379425371,0.620574629,41475,0.62352417,0.37647583,41496.98,0.580707939,0.419292061,41500,0.584974902,0.415025098,41500
2022/2/7 0:53:35,0.379775098,0.620224902,41475.5,0.472003785,0.527996215,41496.24,0.546232914,0.453767086,41487.24,0.541643618,0.458356382,41500
2022/2/7 0:53:42,0.450724364,0.549275636,41475,0.462009116,0.537990884,41502.69,0.534565138,0.465434862,41487.24,0.760698888,0.239301112,41495
2022/2/7 0:53:50,0.491581238,0.508418762,41475.5,0.609027962,0.390972038,41498.31,0.505932795,0.494067205,41487.24,0.726171461,0.273828539,41495
2022/2/7 0:53:57,0.714909084,0.285090916,41475,0.61325918,0.38674082,41492.44,0.522656669,0.477343331,41486.12,0.748938438,0.251061562,41495
2022/2/7 0:54:04,0.689536127,0.310463873,41475.5,0.584517996,0.415482004,41494.7,0.555288676,0.444711324,41486.12,0.662406393,0.337593607,41495
2022/2/7 0:54:11,0.114115239,0.885884761,41482.5,0.429633248,0.570366752,41515.17,0.734478845,0.265521155,41498.41,0.636890643,0.363109357,41519
2022/2/7 0:54:19,0.097216483,0.902783517,41483,0.384188245,0.615811755,41516.47,0.616224805,0.383775195,41498.41,0.665198798,0.334801202,41516
2022/2/7 0:54:26,0.188692805,0.811307195,41482.5,0.253729747,0.746270253,41513.74,0.569407471,0.430592529,41498.41,0.518536263,0.481463737,41517
2022/2/7 0:54:34,0.133342884,0.866657116,41482.5,0.613193773,0.386806227,41517,0.512255282,0.487744718,41498.41,0.625230977,0.374769023,41517
2022/2/7 0:54:41,0.354776126,0.645223874,41483,0.274438233,0.725561767,41508.29,0.39271173,0.60728827,41498.41,0.524800601,0.475199399,41514
2022/2/7 0:54:48,0.363044354,0.636955646,41483,0.839931065,0.160068935,41507.34,0.367898929,0.632101071,41501.23,0.588504386,0.411495614,41514
2022/2/7 0:54:55,0.383293267,0.616706733,41482.5,0.310747694,0.689252306,41507.29,0.368612113,0.631387887,41515.89,0.548345332,0.451654668,41509
2022/2/7 0:55:02,0.720205209,0.279794791,41483,0.957043231,0.042956769,41502.7,0.400395822,0.599604178,41515.89,0.47165243,0.52834757,41509
2022/2/7 0:55:09,0.760631711,0.239368289,41478.5,0.188588288,0.811411712,41503.37,0.542992412,0.457007588,41498.41,0.741251867,0.258748133,41509
2022/2/7 0:55:16,0.326131242,0.673868758,41478,0.160388945,0.839611055,41508.25,0.579695718,0.420304282,41498.41,0.546440914,0.453559086,41507
2022/2/7 0:55:23,0.299924336,0.700075664,41478.5,0.232567196,0.767432804,41510.39,0.522951626,0.477048374,41498.41,0.488270574,0.511729426,41507
2022/2/7 0:55:31,0.2418763,0.7581237,41478,0.30235906,0.69764094,41513.74,0.587264405,0.412735595,41498.41,0.582877022,0.417122978,41507
2022/2/7 0:55:39,0.073788693,0.926211307,41478,0.097411699,0.902588301,41519.81,0.460318886,0.539681114,41498.41,0.450361314,0.549638686,41507
2022/2/7 0:55:46,0.139713548,0.860286452,41485,0.871490973,0.128509027,41525.8,0.565220858,0.434779142,41498.41,0.439995225,0.560004775,41507
2022/2/7 0:55:53,0.137367438,0.862632562,41484.5,0.69065064,0.30934936,41523.81,0.582628368,0.417371632,41511.3,0.316279672,0.683720328,41507
2022/2/7 0:56:01,0.13301891,0.86698109,41484.5,0.19835752,0.80164248,41523.9,0.623923511,0.376076489,41511.3,0.344002417,0.655997583,41507
2022/2/7 0:56:08,0.195182273,0.804817727,41485,0.775885687,0.224114313,41523.9,0.604179705,0.395820295,41511.3,0.413901235,0.586098765,41526
2022/2/7 0:56:15,0.216447273,0.783552727,41485,0.5142405,0.4857595,41523.9,0.531749961,0.468250039,41511.3,0.42060353,0.57939647,41521
2022/2/7 0:56:22,0.197358231,0.802641769,41485,0.466247757,0.533752243,41518.91,0.645339306,0.354660694,41528.61,0.238661827,0.761338173,41521
2022/2/7 0:56:29,0.221336187,0.778663813,41485,0.275572179,0.724427821,41518.92,0.552961688,0.447038312,41528.61,0.353500015,0.646499985,41521
2022/2/7 0:56:37,0.222573218,0.777426782,41485,0.757856489,0.242143511,41520.72,0.546046464,0.453953536,41528.61,0.380726955,0.619273045,41521
2022/2/7 0:56:44,0.246825332,0.753174668,41484.5,0.884141751,0.115858249,41517.03,0.557644244,0.442355756,41528.61,0.367342517,0.632657483,41521
2022/2/7 0:56:51,0.258876301,0.741123699,41485,0.267746794,0.732253206,41515.97,0.551690826,0.448309174,41528.61,0.378401191,0.621598809,41521
2022/2/7 0:56:59,0.272745463,0.727254537,41485,0.762282963,0.237717037,41515.94,0.503530611,0.496469389,41511.3,0.483213937,0.516786063,41519
2022/2/7 0:57:06,0.293263434,0.706736566,41485,0.554635782,0.445364218,41515.38,0.561333024,0.438666976,41511.3,0.430795678,0.569204322,41519
2022/2/7 0:57:14,0.328469191,0.671530809,41485,0.311500577,0.688499423,41518.91,0.545944334,0.454055666,41519.48,0.485464452,0.514535548,41519
2022/2/7 0:57:23,0.360803466,0.639196534,41484.5,0.306667545,0.693332455,41515.24,0.582673229,0.417326771,41519.48,0.425369471,0.574630529,41519
2022/2/7 0:57:30,0.374883349,0.625116651,41484.5,0.213346134,0.786653866,41515.2,0.564217476,0.435782524,41519.48,0.435616133,0.564383867,41519
2022/2/7 0:57:37,0.3812273,0.6187727,41485,0.180677638,0.819322362,41515.2,0.5647173,0.4352827,41519.48,0.393373782,0.606626218,41519
2022/2/7 0:57:45,0.380909958,0.619090042,41485,0.812843083,0.187156917,41513.23,0.352771272,0.647228728,41519.48,0.26124405,0.73875595,41519
2022/2/7 0:57:53,0.436546768,0.563453232,41484.5,0.722021301,0.277978699,41509.34,0.557239636,0.442760364,41519.48,0.374673936,0.625326064,41508
2022/2/7 0:58:00,0.414202804,0.585797196,41485,0.081110876,0.918889124,41512.55,0.64604872,0.35395128,41511.46,0.489280958,0.510719042,41515
2022/2/7 0:58:08,0.388724248,0.611275752,41485,0.352825244,0.647174756,41515.91,0.654336897,0.345663103,41511.46,0.440352298,0.559647702,41517
2022/2/7 0:58:16,0.385905123,0.614094877,41485,0.354657398,0.645342602,41515.67,0.578454568,0.421545432,41522.59,0.590806556,0.409193444,41517
2022/2/7 0:58:24,0.379081033,0.620918967,41485,0.318780859,0.681219141,41515.68,0.592498692,0.407501308,41522.59,0.547896654,0.452103346,41516
2022/2/7 0:58:31,0.37085153,0.62914847,41484.5,0.170222676,0.829777324,41517.58,0.608031283,0.391968717,41513.68,0.565691928,0.434308072,41517
2022/2/7 0:58:38,0.40267075,0.59732925,41485,0.638763322,0.361236678,41512.93,0.603489011,0.396510989,41513.68,0.535964846,0.464035154,41517
2022/2/7 0:58:45,0.443324886,0.556675114,41484.5,0.613183859,0.386816141,41509.35,0.618720777,0.381279223,41513.68,0.455231403,0.544768597,41515
2022/2/7 0:58:52,0.723951,0.276049,41485,0.503683209,0.496316791,41498.74,0.587109321,0.412890679,41513.68,0.476318738,0.523681262,41515
2022/2/7 0:59:00,0.877355794,0.122644206,41484.5,0.470955221,0.529044779,41492.98,0.50200431,0.49799569,41511.3,0.342034382,0.657965618,41502
2022/2/7 0:59:07,0.861774238,0.138225762,41484.5,0.37122774,0.62877226,41495.79,0.563235376,0.436764624,41511.3,0.5163194,0.4836806,41506
2022/2/7 0:59:14,0.755221833,0.244778167,41485,0.230228737,0.769771263,41509.1,0.556094443,0.443905557,41511.3,0.482112705,0.517887295,41498
2022/2/7 0:59:21,0.470850818,0.529149182,41485,0.038732532,0.961267468,41508.53,0.571532427,0.428467573,41511.3,0.373471135,0.626528865,41498
2022/2/7 0:59:29,0.400446257,0.599553743,41485,0.395103517,0.604896483,41516.78,0.57403161,0.42596839,41511.3,0.418944475,0.581055525,41518
2022/2/7 0:59:36,0.399990799,0.600009201,41484.5,0.369958561,0.630041439,41514.83,0.43190599,0.56809401,41511.3,0.51950359,0.48049641,41518
2022/2/7 0:59:44,0.418222425,0.581777575,41484.5,0.210420399,0.789579601,41513.03,0.570534191,0.429465809,41511.3,0.433710551,0.566289449,41515
2022/2/7 0:59:52,0.448316943,0.551683057,41485,0.470348949,0.529651051,41508.56,0.549473772,0.450526228,41511.3,0.363913863,0.636086137,41510
2022/2/7 0:59:59,0.485109874,0.514890126,41484.5,0.141795138,0.858204862,41513.02,0.577125295,0.422874705,41511.3,0.209303839,0.790696161,41519
2022/2/7 1:00:06,0.303509863,0.696490137,41485,0.173911367,0.826088633,41523.82,0.654459023,0.345540977,41520.09,0.479596919,0.520403081,41523
2022/2/7 1:00:13,0.292044777,0.707955223,41484.5,0.128720367,0.871279633,41523.83,0.563766055,0.436233945,41520.09,0.50257231,0.49742769,41520
2022/2/7 1:00:22,0.245366805,0.754633195,41485,0.023047821,0.976952179,41529.09,0.469878824,0.530121176,41520.09,0.540825308,0.459174692,41530
2022/2/7 1:00:29,0.029745892,0.970254108,41495,0.060734012,0.939265988,41547.43,0.540411531,0.459588469,41545.34,0.434173728,0.565826272,41543
2022/2/7 1:00:37,0.023535471,0.976464529,41510,0.604982159,0.395017841,41556.62,0.458814539,0.541185461,41545.34,0.299088899,0.700911101,41555
2022/2/7 1:00:44,0.416212525,0.583787475,41512,0.672443495,0.327556505,41536.83,0.445191542,0.554808458,41562.27,0.42979912,0.57020088,41537
2022/2/7 1:00:51,0.912118119,0.087881881,41512,0.493682026,0.506317974,41527.55,0.511408939,0.488591061,41562.27,0.331233667,0.668766333,41534
2022/2/7 1:00:58,0.66239579,0.33760421,41488.5,0.233724277,0.766275723,41503.08,0.402490567,0.597509433,41520.09,0.482753676,0.517246324,41502
2022/2/7 1:01:05,0.933711866,0.066288134,41484.5,0.072772207,0.927227793,41490.81,0.685030723,0.314969277,41520.09,0.567248236,0.432751764,41496
2022/2/7 1:01:14,0.917185807,0.082814193,41473,0.719210708,0.280789292,41481.08,0.394054962,0.605945038,41480.23,0.484835848,0.515164152,41478
2022/2/7 1:01:22,0.510020287,0.489979713,41446.5,0.343436584,0.656563416,41472.46,0.593816912,0.406183088,41480.23,0.821954663,0.178045337,41473
2022/2/7 1:01:30,0.149469452,0.850530548,41450.5,0.414245889,0.585754111,41483.02,0.49771835,0.50228165,41479.92,0.378236901,0.621763099,41487
2022/2/7 1:01:37,0.120864308,0.879135692,41469.5,0.850727578,0.149272422,41501.49,0.372097696,0.627902304,41509.01,0.467609031,0.532390969,41494
2022/2/7 1:01:45,0.24241603,0.75758397,41470,0.709250429,0.290749571,41493.13,0.479725604,0.520274396,41509.01,0.267664189,0.732335811,41498
2022/2/7 1:01:53,0.144495091,0.855504909,41470,0.612736342,0.387263658,41501.11,0.532685461,0.467314539,41509.01,0.431995625,0.568004375,41504
2022/2/7 1:02:00,0.719826072,0.280173928,41470,0.101241168,0.898758832,41482.83,0.312852362,0.687147638,41509.01,0.610984649,0.389015351,41488
2022/2/7 1:02:08,0.930293248,0.069706752,41469.5,0.370976748,0.629023252,41477.24,0.389873539,0.610126461,41485.02,0.647238883,0.352761117,41489
2022/2/7 1:02:15,0.75041553,0.24958447,41452.5,0.493292437,0.506707563,41469.15,0.538168453,0.461831547,41485.02,0.679000956,0.320999044,41471
2022/2/7 1:02:23,0.638944152,0.361055848,41452.5,0.488997892,0.511002108,41469.15,0.429253537,0.570746463,41485.02,0.445786455,0.554213545,41464
2022/2/7 1:02:30,0.877539856,0.122460144,41446,0.190088736,0.809911264,41456.63,0.573827687,0.426172313,41485.02,0.375169086,0.624830914,41464
2022/2/7 1:02:37,0.094023188,0.905976812,41446,0.159721387,0.840278613,41482.83,0.357802876,0.642197124,41488.71,0.690996986,0.309003014,41463
2022/2/7 1:02:45,0.010998645,0.989001355,41475.5,0.551213837,0.448786163,41514.8,0.41638345,0.58361655,41509.96,0.479802283,0.520197717,41532
2022/2/7 1:02:52,0.312386632,0.687613368,41561.5,0.657066445,0.342933555,41577.17,0.201562247,0.798437753,41587.67,0.394125105,0.605874895,41569
2022/2/7 1:02:59,0.416439065,0.583560935,41533.5,0.734630265,0.265369735,41556.09,0.458906411,0.541093589,41587.67,0.667796635,0.332203365,41554
2022/2/7 1:03:06,0.880434586,0.119565414,41512,0.356404929,0.643595071,41527.4,0.45232804,0.54767196,41536.63,0.706306238,0.293693762,41530
2022/2/7 1:03:13,0.723552215,0.276447785,41486,0.800299883,0.199700117,41504.63,0.277692252,0.722307748,41523.92,0.72226625,0.27773375,41512
2022/2/7 1:03:21,0.674785635,0.325214365,41485.5,0.392756273,0.607243727,41509,0.391022053,0.608977947,41523.92,0.76726488,0.23273512,41509
2022/2/7 1:03:29,0.810725714,0.189274286,41485,0.742287433,0.257712567,41501.17,0.273931798,0.726068202,41523.92,0.713211333,0.286788667,41495
2022/2/7 1:03:36,0.74534119,0.25465881,41465,0.093032817,0.906967183,41492,0.437052551,0.562947449,41523.92,0.348996787,0.651003213,41483
2022/2/7 1:03:43,0.58802066,0.41197934,41465.5,0.377537533,0.622462467,41488.97,0.357561253,0.642438747,41523.92,0.621983706,0.378016294,41483
2022/2/7 1:03:51,0.724168313,0.275831687,41465,0.658569759,0.341430241,41485.96,0.428917291,0.571082709,41482.33,0.530354314,0.469645686,41482
2022/2/7 1:03:58,0.694304536,0.305695464,41460.5,0.650515234,0.349484766,41483,0.520934608,0.479065392,41493.64,0.601394993,0.398605007,41490
2022/2/7 1:04:07,0.397940642,0.602059358,41461,0.754242012,0.245757988,41476.56,0.565673917,0.434326083,41485.41,0.783147656,0.216852344,41489
2022/2/7 1:04:14,0.395634266,0.604365734,41460.5,0.543477852,0.456522148,41486.4,0.394888946,0.605111054,41485.41,0.415787409,0.584212591,41487
2022/2/7 1:04:21,0.446426477,0.553573523,41460,0.085558529,0.914441471,41492,0.462005278,0.537994722,41485.41,0.557501072,0.442498928,41491
2022/2/7 1:04:28,0.773003522,0.226996478,41460,0.415200751,0.584799249,41476.13,0.453744684,0.546255316,41485.41,0.73010267,0.26989733,41484
2022/2/7 1:04:36,0.887750933,0.112249067,41450.5,0.843807019,0.156192981,41456.63,0.439669986,0.560330014,41462.45,0.509625651,0.490374349,41466
2022/2/7 1:04:43,0.812536309,0.187463691,41450.5,0.31624597,0.68375403,41461.65,0.543815425,0.456184575,41472.4,0.614002656,0.385997344,41466
2022/2/7 1:04:52,0.844160261,0.155839739,41450.5,0.690780216,0.309219784,41460.01,0.418928563,0.581071437,41472.4,0.544101177,0.455898823,41466
2022/2/7 1:05:00,0.914946391,0.085053609,41436,0.78448166,0.21551834,41447.2,0.494098844,0.505901156,41466.16,0.455536636,0.544463364,41454
2022/2/7 1:05:07,0.514994118,0.485005882,41436,0.286635223,0.713364777,41457.06,0.465690973,0.534309027,41466.16,0.538057227,0.461942773,41454
2022/2/7 1:05:16,0.760138987,0.239861013,41436.5,0.386177926,0.613822074,41449.49,0.392873983,0.607126017,41443.96,0.516941105,0.483058895,41455
2022/2/7 1:05:23,0.32667964,0.67332036,41436,0.78866177,0.21133823,41457.34,0.4403084,0.5596916,41465.82,0.518663777,0.481336223,41462
2022/2/7 1:05:31,0.762283209,0.237716791,41436,0.141561256,0.858438744,41447.71,0.468187182,0.531812818,41465.82,0.447670635,0.552329365,41456
2022/2/7 1:05:38,0.820735315,0.179264685,41436,0.257533305,0.742466695,41447.72,0.470824804,0.529175196,41465.82,0.709687641,0.290312359,41464
2022/2/7 1:05:46,0.95512051,0.04487949,41436.5,0.725261912,0.274738088,41437.75,0.418266924,0.581733076,41465.82,0.641155394,0.358844606,41448
2022/2/7 1:05:53,0.922431798,0.077568202,41432,0.44139747,0.55860253,41438.01,0.495852588,0.504147412,41465.82,0.654975633,0.345024367,41442
2022/2/7 1:06:00,0.90769593,0.09230407,41432,0.596860575,0.403139425,41438.02,0.574348143,0.425651857,41465.82,0.579197962,0.420802038,41442
2022/2/7 1:06:08,0.764250422,0.235749578,41432.5,0.641670989,0.358329011,41446.06,0.571327316,0.428672684,41437.65,0.533021662,0.466978338,41442
2022/2/7 1:06:16,0.829014714,0.170985286,41432.5,0.30055092,0.69944908,41442.55,0.486219227,0.513780773,41453.97,0.73531197,0.26468803,41446
2022/2/7 1:06:24,0.800468914,0.199531086,41432.5,0.302486857,0.697513143,41442.55,0.480553749,0.519446251,41453.97,0.400699713,0.599300287,41446
2022/2/7 1:06:32,0.808035963,0.191964037,41432,0.149374856,0.850625144,41442.6,0.494140671,0.505859329,41437.69,0.660881759,0.339118241,41446
2022/2/7 1:06:39,0.433411298,0.566588702,41432.5,0.316107332,0.683892668,41455,0.433102367,0.566897633,41458.38,0.46913207,0.53086793,41455
2022/2/7 1:06:46,0.585964306,0.414035694,41432.5,0.616892694,0.383107306,41447.73,0.432609572,0.567390428,41453.71,0.587046963,0.412953037,41448
2022/2/7 1:06:54,0.757694568,0.242305432,41432.5,0.784388222,0.215611778,41446.06,0.58357774,0.41642226,41437.53,0.757796964,0.242203036,41451
2022/2/7 1:07:01,0.511994663,0.488005337,41432.5,0.360459648,0.639540352,41451.55,0.489576102,0.510423898,41437.53,0.574579711,0.425420289,41451
2022/2/7 1:07:09,0.505077245,0.494922755,41432,0.17174663,0.82825337,41451.55,0.448113137,0.551886863,41437.53,0.587551859,0.412448141,41451
2022/2/7 1:07:16,0.592352494,0.407647506,41432,0.141107551,0.858892449,41450.99,0.612778198,0.387221802,41437.53,0.721382308,0.278617692,41450
2022/2/7 1:07:23,0.525744362,0.474255638,41432.5,0.279666591,0.720333409,41450.94,0.467606216,0.532393784,41437.53,0.58164679,0.41835321,41450
2022/2/7 1:07:30,0.470136955,0.529863045,41432,0.225807196,0.774192804,41450.94,0.46260528,0.53739472,41437.53,0.595310666,0.404689334,41451
2022/2/7 1:07:38,0.47595256,0.52404744,41432.5,0.236499117,0.763500883,41451.11,0.478275731,0.521724269,41457.61,0.631685463,0.368314537,41451
2022/2/7 1:07:45,0.486315823,0.513684177,41432,0.264061769,0.735938231,41451.1,0.476642693,0.523357307,41457.61,0.551842896,0.448157104,41451
2022/2/7 1:07:52,0.496593925,0.503406075,41432,0.287138355,0.712861645,41451.11,0.478670841,0.521329159,41457.61,0.488174373,0.511825627,41451
2022/2/7 1:08:00,0.493379707,0.506620293,41432,0.393619482,0.606380518,41451.1,0.481655189,0.518344811,41457.61,0.56836607,0.43163393,41451
2022/2/7 1:08:08,0.485364445,0.514635555,41432,0.197911694,0.802088306,41450.93,0.476017552,0.523982448,41457.61,0.655911128,0.344088872,41451
2022/2/7 1:08:15,0.598537065,0.401462935,41432,0.926747486,0.073252514,41446,0.485553433,0.514446567,41443.93,0.553013049,0.446986951,41450
2022/2/7 1:08:23,0.804184374,0.195815626,41432.5,0.960450269,0.039549731,41442.61,0.450626244,0.549373756,41443.93,0.525372234,0.474627766,41448
2022/2/7 1:08:30,0.831093823,0.168906177,41432,0.938055564,0.061944436,41438.29,0.492669395,0.507330605,41443.93,0.421695448,0.578304552,41448
2022/2/7 1:08:38,0.832837423,0.167162577,41432,0.307918258,0.692081742,41444.74,0.4851256,0.5148744,41443.93,0.587759993,0.412240007,41442
2022/2/7 1:08:45,0.740193717,0.259806283,41432,0.766844252,0.233155748,41439.44,0.561956312,0.438043688,41443.93,0.585461761,0.414538239,41442
2022/2/7 1:08:53,0.877428935,0.122571065,41432,0.822693993,0.177306007,41439.44,0.558978491,0.441021509,41443.93,0.457091913,0.542908087,41442
2022/2/7 1:09:00,0.730299697,0.269700303,41431.5,0.850972926,0.149027074,41437.75,0.571530931,0.428469069,41443.93,0.378121632,0.621878368,41442
2022/2/7 1:09:07,0.923733025,0.076266975,41431.5,0.683618733,0.316381267,41430.01,0.607787926,0.392212074,41427.07,0.768468766,0.231531234,41442
2022/2/7 1:09:14,0.962423215,0.037576785,41425,0.961563301,0.038436699,41427.18,0.500223804,0.499776196,41427.07,0.487510775,0.512489225,41434
2022/2/7 1:09:21,0.937857599,0.062142401,41425,0.614614169,0.385385831,41427.18,0.522407337,0.477592663,41427.07,0.700147294,0.299852706,41434
2022/2/7 1:09:29,0.931015748,0.068984252,41420.5,0.931610894,0.068389106,41423.02,0.531524619,0.468475381,41425,0.592493659,0.407506341,41430
2022/2/7 1:09:36,0.916761244,0.083238756,41418.5,0.942108363,0.057891637,41418.69,0.57326561,0.42673439,41421.74,0.623108183,0.376891817,41429
2022/2/7 1:09:44,0.849652558,0.150347442,41415.5,0.673888108,0.326111892,41420,0.59344717,0.40655283,41421.74,0.604065733,0.395934267,41428
2022/2/7 1:09:52,0.622757619,0.377242381,41415,0.57230508,0.42769492,41426.19,0.467932576,0.532067424,41421.74,0.557218011,0.442781989,41428
2022/2/7 1:09:59,0.358733059,0.641266941,41415,0.253581104,0.746418896,41443.61,0.380561804,0.619438196,41474.33,0.437004879,0.562995121,41472
2022/2/7 1:10:07,0.907440853,0.092559147,41450,0.892988513,0.107011487,41460,0.307849223,0.692150777,41472.66,0.714884487,0.285115513,41463
2022/2/7 1:10:14,0.925239101,0.074760899,41447.5,0.60619129,0.39380871,41454.04,0.496760857,0.503239143,41472.66,0.515764197,0.484235803,41463
2022/2/7 1:10:22,0.044565916,0.955434084,41451,0.527531116,0.472468884,41489.94,0.671888181,0.328111819,41462.26,0.433545402,0.566454598,41476
2022/2/7 1:10:29,0.296350031,0.703649969,41477,0.662742778,0.337257222,41505.81,0.427972532,0.572027468,41462.26,0.44084271,0.55915729,41501
2022/2/7 1:10:36,0.076852575,0.923147425,41479.5,0.188227594,0.811772406,41508.98,0.456604476,0.543395524,41522.84,0.456569184,0.543430816,41509
2022/2/7 1:10:44,0.328351796,0.671648204,41485,0.763488307,0.236511693,41499.86,0.416521193,0.583478807,41522.84,0.307348057,0.692651943,41509
2022/2/7 1:10:51,0.966349693,0.033650307,41479.5,0.629613425,0.370386575,41496.3,0.686122501,0.313877499,41522.84,0.319213616,0.680786384,41495
2022/2/7 1:10:58,0.50153332,0.49846668,41479,0.131203027,0.868796973,41502.88,0.434234123,0.565765877,41505.04,0.393530352,0.606469648,41508
2022/2/7 1:11:06,0.014682933,0.985317067,41485,0.088215774,0.911784226,41526.62,0.502856122,0.497143878,41505.04,0.428136638,0.571863362,41528
2022/2/7 1:11:13,0.806298799,0.193701201,41497,0.470087122,0.529912878,41507.99,0.35858522,0.64141478,41505.04,0.180911662,0.819088338,41515
2022/2/7 1:11:20,0.926352654,0.073647346,41493,0.121384357,0.878615643,41501.17,0.50274925,0.49725075,41505.65,0.302559402,0.697440598,41515
2022/2/7 1:11:27,0.908433147,0.091566853,41486.5,0.454995889,0.545004111,41503.55,0.528689704,0.471310296,41505.65,0.394496985,0.605503015,41503
2022/2/7 1:11:35,0.769277342,0.230722658,41486.5,0.621043544,0.378956456,41505.99,0.544838911,0.455161089,41505.65,0.444629546,0.555370454,41502
2022/2/7 1:11:42,0.745283809,0.254716191,41486.5,0.596803803,0.403196197,41507.14,0.567928818,0.432071182,41505.65,0.586461473,0.413538527,41502
2022/2/7 1:11:49,0.481014145,0.518985855,41468.5,0.306827266,0.693172734,41495.94,0.497539517,0.502460483,41505.65,0.492552698,0.507447302,41500
2022/2/7 1:11:57,0.205545814,0.794454186,41468,0.862771533,0.137228467,41500,0.579313819,0.420686181,41505.65,0.538673076,0.461326924,41496
2022/2/7 1:12:04,0.405349394,0.594650606,41468.5,0.904214263,0.095785737,41490.88,0.454801571,0.545198429,41505.65,0.734219061,0.265780939,41496
2022/2/7 1:12:11,0.474415325,0.525584675,41468,0.758388876,0.241611124,41478.83,0.605083799,0.394916201,41483.19,0.538211666,0.461788334,41487
2022/2/7 1:12:18,0.636046725,0.363953275,41451,0.775631843,0.224368157,41467.45,0.483644797,0.516355203,41478.45,0.664659668,0.335340332,41477
2022/2/7 1:12:27,0.290931257,0.709068743,41450.5,0.90465663,0.09534337,41480.18,0.446630169,0.553369831,41477.47,0.58569388,0.41430612,41483
2022/2/7 1:12:34,0.576755541,0.423244459,41451,0.889147718,0.110852282,41475,0.476532319,0.523467681,41477.47,0.559397444,0.440602556,41475
2022/2/7 1:12:41,0.578122162,0.421877838,41451,0.832158903,0.167841097,41472.62,0.564075137,0.435924863,41468.11,0.543559529,0.456440471,41475
2022/2/7 1:12:48,0.573242739,0.426757261,41450.5,0.434344412,0.565655588,41472.61,0.589256562,0.410743438,41468.11,0.536017866,0.463982134,41475
2022/2/7 1:12:56,0.468882648,0.531117352,41450.5,0.109667516,0.890332484,41475,0.605438363,0.394561637,41468.11,0.570745524,0.429254476,41482
2022/2/7 1:13:03,0.280448301,0.719551699,41450.5,0.198138533,0.801861467,41485.04,0.576730796,0.423269204,41468.11,0.518169381,0.481830619,41484
2022/2/7 1:13:10,0.344784455,0.655215545,41450.5,0.518733148,0.481266852,41476.48,0.619068854,0.380931146,41486.15,0.644526465,0.355473535,41477
2022/2/7 1:13:17,0.347996907,0.652003093,41451,0.756340975,0.243659025,41476.48,0.625823614,0.374176386,41486.15,0.47876829,0.52123171,41477
2022/2/7 1:13:24,0.380869112,0.619130888,41451,0.613024631,0.386975369,41479.72,0.668844416,0.331155584,41486.15,0.560175288,0.439824712,41477
2022/2/7 1:13:32,0.400976984,0.599023016,41451,0.289379697,0.710620303,41480.19,0.599154519,0.400845481,41486.15,0.42689953,0.57310047,41477
2022/2/7 1:13:39,0.397584083,0.602415917,41450.5,0.728727905,0.271272095,41478.71,0.619014431,0.380985569,41486.15,0.582510535,0.417489465,41477
2022/2/7 1:13:47,0.353084809,0.646915191,41451,0.593442011,0.406557989,41478.73,0.583149954,0.416850046,41486.15,0.485725577,0.514274423,41477
2022/2/7 1:13:54,0.736696276,0.263303724,41451,0.776723855,0.223276145,41473.69,0.589108615,0.410891385,41486.15,0.302363248,0.697636752,41475
2022/2/7 1:14:02,0.726979927,0.273020073,41451,0.284021087,0.715978913,41472.48,0.647430327,0.352569673,41471.3,0.416565219,0.583434781,41475
2022/2/7 1:14:09,0.111983376,0.888016624,41473,0.222762465,0.777237535,41507.13,0.675188953,0.324811047,41514.89,0.538154293,0.461845707,41513
2022/2/7 1:14:16,0.359503454,0.640496546,41479,0.388143834,0.611856166,41492.87,0.52921888,0.47078112,41514.89,0.531961398,0.468038602,41500
2022/2/7 1:14:23,0.901336029,0.098663971,41473.5,0.620538418,0.379461582,41487.05,0.510826485,0.489173515,41514.89,0.387834326,0.612165674,41500
2022/2/7 1:14:30,0.955592454,0.044407546,41468,0.427282715,0.572717285,41477.55,0.466188045,0.533811955,41514.89,0.425618495,0.574381505,41489
2022/2/7 1:14:37,0.928428972,0.071571028,41468,0.545023177,0.454976823,41482.54,0.478755959,0.521244041,41514.89,0.392730643,0.607269357,41480
2022/2/7 1:14:45,0.930102562,0.069897438,41468,0.495327175,0.504672825,41477.99,0.510572276,0.489427724,41514.89,0.403298793,0.596701207,41480
2022/2/7 1:14:52,0.931713255,0.068286745,41468.5,0.5695004,0.4304996,41477.99,0.565381936,0.434618064,41490.27,0.381941778,0.618058222,41480
2022/2/7 1:14:59,0.859464358,0.140535642,41468,0.372413965,0.627586035,41480.65,0.56014614,0.43985386,41490.27,0.577603664,0.422396336,41480
2022/2/7 1:15:06,0.695811148,0.304188852,41468,0.720641819,0.279358181,41492.87,0.60640807,0.39359193,41478.64,0.496532652,0.503467348,41495
2022/2/7 1:15:13,0.886112936,0.113887064,41468,0.357578881,0.642421119,41481.87,0.569047922,0.430952078,41478.64,0.371485561,0.628514439,41495
2022/2/7 1:15:21,0.631839332,0.368160668,41468,0.329317218,0.670682782,41490,0.562946155,0.437053845,41478.64,0.416725008,0.583274992,41495
2022/2/7 1:15:28,0.618162282,0.381837718,41468.5,0.269680145,0.730319855,41490,0.557876984,0.442123016,41498.39,0.584270975,0.415729025,41493
2022/2/7 1:15:35,0.614487933,0.385512067,41468,0.736462617,0.263537383,41493.1,0.565858639,0.434141361,41498.39,0.556237516,0.443762484,41493
2022/2/7 1:15:42,0.035273561,0.964726439,41468.5,0.154875218,0.845124782,41510.01,0.588406513,0.411593487,41501.8,0.364312432,0.635687568,41493
2022/2/7 1:15:50,0.004940888,0.995059112,41469.5,0.219655624,0.780344376,41515.51,0.638300778,0.361699222,41501.8,0.362557431,0.637442569,41519
2022/2/7 1:15:57,0.214007901,0.785992099,41488.5,0.069254633,0.930745367,41524.74,0.656881278,0.343118722,41501.8,0.375685654,0.624314346,41529
2022/2/7 1:16:04,0.200169208,0.799830792,41491,0.697233949,0.302766051,41524.69,0.487822189,0.512177811,41501.8,0.44634378,0.55365622,41529
2022/2/7 1:16:11,0.212129675,0.787870325,41491,0.778416351,0.221583649,41524.7,0.579728666,0.420271334,41501.8,0.438906769,0.561093231,41529
2022/2/7 1:16:18,0.177693139,0.822306861,41491,0.483007205,0.516992795,41524.75,0.584501722,0.415498278,41501.8,0.450358396,0.549641604,41529
2022/2/7 1:16:26,0.187243362,0.812756638,41490.5,0.769180855,0.230819145,41524.75,0.567346631,0.432653369,41518.73,0.524802329,0.475197671,41524
2022/2/7 1:16:33,0.212476842,0.787523158,41491,0.839040066,0.160959934,41524.72,0.543015469,0.456984531,41518.73,0.703480107,0.296519893,41521
2022/2/7 1:16:40,0.668944812,0.331055188,41490.5,0.37412025,0.62587975,41515.41,0.597627048,0.402372952,41518.73,0.470392731,0.529607269,41521
2022/2/7 1:16:47,0.434450953,0.565549047,41491,0.17621154,0.82378846,41524.71,0.649059089,0.350940911,41518.73,0.489018956,0.510981044,41515
2022/2/7 1:16:54,0.455326949,0.544673051,41491,0.323446188,0.676553812,41524.68,0.584693813,0.415306187,41518.73,0.611406024,0.388593976,41515
2022/2/7 1:17:01,0.423221429,0.576778571,41491,0.386374524,0.613625476,41527.35,0.567696264,0.432303736,41518.73,0.515985701,0.484014299,41526
2022/2/7 1:17:08,0.379513935,0.620486065,41491,0.67285833,0.32714167,41525.99,0.591859251,0.408140749,41518.97,0.486942292,0.513057708,41526
2022/2/7 1:17:15,0.398131292,0.601868708,41491,0.894535881,0.105464119,41525.07,0.549242516,0.450757484,41518.97,0.314624675,0.685375325,41527
2022/2/7 1:17:22,0.425285821,0.574714179,41490.5,0.146655909,0.853344091,41524.7,0.612266118,0.387733882,41518.97,0.555723534,0.444276466,41527
2022/2/7 1:17:29,0.410012436,0.589987564,41491,0.123336712,0.876663288,41524.16,0.551314955,0.448685045,41531.61,0.536237707,0.463762293,41528
2022/2/7 1:17:36,0.446031475,0.553968525,41491,0.729694208,0.270305792,41524.12,0.477341712,0.522658288,41531.61,0.46562255,0.53437745,41528
2022/2/7 1:17:44,0.491632451,0.508367549,41491,0.338200101,0.661799899,41518.38,0.5303325,0.4696675,41531.61,0.319328386,0.680671614,41524
2022/2/7 1:17:52,0.476068867,0.523931133,41491,0.259028853,0.740971147,41521.49,0.5303325,0.4696675,41531.61,0.449998002,0.550001998,41524
2022/2/7 1:17:59,0.239431059,0.760568941,41490.5,0.154557543,0.845442457,41525.95,0.462501527,0.537498473,41531.61,0.518347812,0.481652188,41531
2022/2/7 1:18:06,0.194353903,0.805646097,41490.5,0.290469395,0.709530605,41531.24,0.495930259,0.504069741,41522.26,0.452780071,0.547219929,41531
2022/2/7 1:18:13,0.179458819,0.820541181,41491,0.128268166,0.871731834,41531.26,0.55338248,0.44661752,41538.67,0.267241169,0.732758831,41533
2022/2/7 1:18:20,0.033513213,0.966486787,41495,0.30540287,0.69459713,41535.49,0.446059849,0.553940151,41538.67,0.455436519,0.544563481,41533
2022/2/7 1:18:27,0.156994972,0.843005028,41496.5,0.824635378,0.175364622,41536,0.534713658,0.465286342,41538.67,0.617053423,0.382946577,41533
2022/2/7 1:18:35,0.114680009,0.885319991,41496,0.196140925,0.803859075,41535.79,0.564982165,0.435017835,41538.67,0.38574103,0.61425897,41533
2022/2/7 1:18:42,0.102352664,0.897647336,41496,0.379535544,0.620464456,41539.31,0.626129443,0.373870557,41532.04,0.512926412,0.487073588,41533
2022/2/7 1:18:49,0.04236432,0.95763568,41496.5,0.360759607,0.639240393,41539.32,0.616808972,0.383191028,41532.04,0.487490306,0.512509694,41533
2022/2/7 1:18:58,0.154260903,0.845739097,41520,0.056655217,0.943344783,41563.28,0.554111256,0.445888744,41550,0.354517946,0.645482054,41562
2022/2/7 1:19:05,0.19708048,0.80291952,41520,0.135288242,0.864711758,41553.56,0.387366998,0.612633002,41566.05,0.586986575,0.413013425,41565
2022/2/7 1:19:12,0.234280245,0.765719755,41519.5,0.236953021,0.763046979,41552.4,0.647403954,0.352596046,41566.05,0.504324224,0.495675776,41554
2022/2/7 1:19:21,0.700170008,0.299829992,41519.5,0.377179206,0.622820794,41539.3,0.593101327,0.406898673,41566.05,0.62506313,0.37493687,41550
2022/2/7 1:19:28,0.692160677,0.307839323,41520,0.321666197,0.678333803,41539.47,0.631725329,0.368274671,41566.05,0.656391123,0.343608877,41543
2022/2/7 1:19:35,0.560206827,0.439793173,41520,0.65387592,0.34612408,41545.85,0.595322374,0.404677626,41566.05,0.581546978,0.418453022,41543
2022/2/7 1:19:43,0.418370104,0.581629896,41520,0.340645105,0.659354895,41549.74,0.593054491,0.406945509,41553.11,0.639011569,0.360988431,41543
2022/2/7 1:19:50,0.351720038,0.648279962,41519.5,0.828322512,0.171677488,41552.17,0.433474006,0.566525994,41545.75,0.574317064,0.425682936,41550
2022/2/7 1:19:57,0.136053646,0.863946354,41520,0.23119645,0.76880355,41557.34,0.557177838,0.442822162,41545.75,0.502268258,0.497731742,41550
2022/2/7 1:20:04,0.21746462,0.78253538,41519.5,0.641411118,0.358588882,41556.42,0.568891966,0.431108034,41545.75,0.469648031,0.530351969,41560
2022/2/7 1:20:11,0.249118312,0.750881688,41519.5,0.107275712,0.892724288,41557.33,0.567303751,0.432696249,41545.75,0.485806075,0.514193925,41561
2022/2/7 1:20:18,0.034479204,0.965520796,41529.5,0.096593161,0.903406839,41577.6,0.424186415,0.575813585,41571.73,0.565921788,0.434078212,41576
2022/2/7 1:20:25,0.324044422,0.675955578,41530,0.314336827,0.685663173,41559.92,0.461696736,0.538303264,41571.73,0.406737355,0.593262645,41576
2022/2/7 1:20:32,0.142369253,0.857630747,41530,0.414384139,0.585615861,41572.91,0.484534839,0.515465161,41566.05,0.51358232,0.48641768,41576
2022/2/7 1:20:39,0.022448872,0.977551128,41531.5,0.794411833,0.205588167,41572.37,0.468103878,0.531896122,41566.05,0.56651114,0.43348886,41576
2022/2/7 1:20:46,0.037792928,0.962207072,41535,0.364973155,0.635026845,41575.58,0.456832534,0.543167466,41566.05,0.561588114,0.438411886,41579
2022/2/7 1:20:54,0.157406308,0.842593692,41535,0.688058367,0.311941633,41572.24,0.45699105,0.54300895,41566.05,0.47638658,0.52361342,41579
2022/2/7 1:21:01,0.150902879,0.849097121,41534.5,0.650289954,0.349710046,41570.67,0.51417412,0.48582588,41566.05,0.451499603,0.548500397,41576
2022/2/7 1:21:08,0.016588824,0.983411176,41535,0.227173204,0.772826796,41574.98,0.491991842,0.508008158,41570.24,0.531461347,0.468538653,41576
2022/2/7 1:21:15,0.253367872,0.746632128,41544.5,0.562404688,0.437595312,41570.74,0.510737742,0.489262258,41570.24,0.599996603,0.400003397,41579
2022/2/7 1:21:23,0.327379908,0.672620092,41544,0.480564794,0.519435206,41569.95,0.375038199,0.624961801,41570.24,0.414720783,0.585279217,41579
2022/2/7 1:21:30,0.325254117,0.674745883,41544,0.186511316,0.813488684,41570.73,0.451162457,0.548837543,41570.24,0.413332685,0.586667315,41579
2022/2/7 1:21:37,0.321544377,0.678455623,41544,0.527659086,0.472340914,41570.73,0.476555185,0.523444815,41570.24,0.280825789,0.719174211,41579
2022/2/7 1:21:44,0.281950752,0.718049248,41544.5,0.256078337,0.743921663,41573.36,0.597635465,0.402364535,41570.24,0.374602002,0.625397998,41579
2022/2/7 1:21:51,0.267023066,0.732976934,41544.5,0.149614917,0.850385083,41573.37,0.51948359,0.48051641,41570.24,0.322022909,0.677977091,41576
2022/2/7 1:21:59,0.137612947,0.862387053,41544.5,0.385457781,0.614542219,41581.95,0.477636646,0.522363354,41570.24,0.480570286,0.519429714,41585
2022/2/7 1:22:07,0.3050158,0.6949842,41545,0.235285555,0.764714445,41570.73,0.483184789,0.516815211,41576.87,0.446261257,0.553738743,41579
2022/2/7 1:22:14,0.295631475,0.704368525,41545,0.62864092,0.37135908,41570.73,0.512713732,0.487286268,41570.08,0.428717824,0.571282176,41579
2022/2/7 1:22:21,0.303475638,0.696524362,41544.5,0.3734524,0.6265476,41568.02,0.506270311,0.493729689,41570.08,0.361614775,0.638385225,41579
2022/2/7 1:22:28,0.294261508,0.705738492,41544.5,0.07216204,0.92783796,41570.73,0.466591541,0.533408459,41570.08,0.550794464,0.449205536,41575
2022/2/7 1:22:36,0.274421961,0.725578039,41545,0.803453206,0.196546794,41569.66,0.443702063,0.556297937,41590.34,0.472083985,0.527916015,41575
2022/2/7 1:22:43,0.946777657,0.053222343,41544.5,0.717245626,0.282754374,41560.01,0.517178149,0.482821851,41563.28,0.559556371,0.440443629,41566
2022/2/7 1:22:51,0.67752039,0.32247961,41540.5,0.066680382,0.933319618,41559.4,0.618287001,0.381712999,41563.28,0.335321503,0.664678497,41564
2022/2/7 1:22:58,0.420754337,0.579245663,41540.5,0.710331535,0.289668465,41569.99,0.459525872,0.540474128,41563.28,0.348201049,0.651798951,41578
2022/2/7 1:23:06,0.141772634,0.858227366,41540.5,0.97800638,0.02199362,41577.73,0.421548365,0.578451635,41580.93,0.637681983,0.362318017,41588
2022/2/7 1:23:14,0.372499474,0.627500526,41540.5,0.207539593,0.792460407,41569.08,0.402998974,0.597001026,41580.93,0.358916218,0.641083782,41588
2022/2/7 1:23:21,0.621988028,0.378011972,41541,0.179851753,0.820148247,41560.87,0.500972147,0.499027853,41580.93,0.535896945,0.464103055,41588
2022/2/7 1:23:28,0.669820668,0.330179332,41540.5,0.698614248,0.301385752,41557.7,0.531240493,0.468759507,41580.93,0.37747886,0.62252114,41588
2022/2/7 1:23:35,0.619999142,0.380000858,41540.5,0.587494197,0.412505803,41560.13,0.487919347,0.512080653,41580.93,0.310108392,0.689891608,41588
2022/2/7 1:23:42,0.599040561,0.400959439,41540.5,0.389047352,0.610952648,41562.53,0.493882535,0.506117465,41580.93,0.400221195,0.599778805,41588
2022/2/7 1:23:49,0.613790224,0.386209776,41541,0.419442781,0.580557219,41558.53,0.39597095,0.60402905,41580.93,0.549053308,0.450946692,41588
2022/2/7 1:23:56,0.352180109,0.647819891,41541,0.139647428,0.860352572,41571,0.486172593,0.513827407,41580.93,0.680499263,0.319500737,41569
2022/2/7 1:24:03,0.074239553,0.925760447,41548,0.402802489,0.597197511,41588.99,0.492878123,0.507121877,41580.93,0.430757553,0.569242447,41593
2022/2/7 1:24:11,0.061318103,0.938681897,41550,0.107856282,0.892143718,41595.81,0.470995352,0.529004648,41580.93,0.361423456,0.638576544,41597
2022/2/7 1:24:18,0.247461335,0.752538665,41549.5,0.551023769,0.448976231,41582.09,0.556191709,0.443808291,41580.93,0.318905406,0.681094594,41594
2022/2/7 1:24:27,0.224217513,0.775782487,41549.5,0.474345347,0.525654653,41580.44,0.572205025,0.427794975,41580.93,0.367183855,0.632816145,41588
2022/2/7 1:24:34,0.212688477,0.787311523,41549.5,0.611665794,0.388334206,41584.32,0.58059523,0.41940477,41580.93,0.188738278,0.811261722,41588
2022/2/7 1:24:42,0.218365268,0.781634732,41550,0.90239265,0.09760735,41586.5,0.578283431,0.421716569,41580.93,0.466664845,0.533335155,41590
2022/2/7 1:24:49,0.309936286,0.690063714,41550,0.8194344,0.1805656,41567.18,0.542120918,0.457879082,41576.11,0.442519435,0.557480565,41567
2022/2/7 1:24:56,0.812385045,0.187614955,41542.5,0.813751162,0.186248838,41560.86,0.500217996,0.499782004,41576.11,0.467370497,0.532629503,41567
2022/2/7 1:25:04,0.614002454,0.385997546,41542.5,0.807176241,0.192823759,41567.98,0.602741301,0.397258699,41576.11,0.584044847,0.415955153,41573
2022/2/7 1:25:11,0.219272803,0.780727197,41543,0.250231125,0.749768875,41582.68,0.461514782,0.538485218,41578.91,0.415208511,0.584791489,41573
2022/2/7 1:25:19,0.078849405,0.921150595,41542.5,0.533498156,0.466501844,41595,0.555845243,0.444154757,41578.91,0.273600268,0.726399732,41595
2022/2/7 1:25:28,0.090557187,0.909442813,41557.5,0.896957369,0.103042631,41598.99,0.331905144,0.668094856,41578.91,0.177442085,0.822557915,41602
2022/2/7 1:25:35,0.236861398,0.763138602,41558,0.812270761,0.187729239,41594.74,0.577034541,0.422965459,41578.91,0.473717614,0.526282386,41596
2022/2/7 1:25:43,0.070813324,0.929186676,41558,0.13360376,0.86639624,41599.99,0.489418892,0.510581108,41578.91,0.455517455,0.544482545,41605
2022/2/7 1:25:51,0.051131919,0.948868081,41558,0.279841716,0.720158284,41600,0.557415904,0.442584096,41605.65,0.312828301,0.687171699,41603
2022/2/7 1:25:58,0.091166356,0.908833644,41558,0.148177212,0.851822788,41595.82,0.522606644,0.477393356,41605.65,0.265702954,0.734297046,41603
2022/2/7 1:26:05,0.028602197,0.971397803,41557.5,0.132445329,0.867554671,41595.83,0.578875645,0.421124355,41605.65,0.489521899,0.510478101,41603
2022/2/7 1:26:13,0.234080919,0.765919081,41559.5,0.693100501,0.306899499,41596.05,0.536847444,0.463152556,41605.65,0.562292098,0.437707902,41591
2022/2/7 1:26:22,0.874112189,0.125887811,41559,0.270994909,0.729005091,41575.59,0.563517819,0.436482181,41605.65,0.58938166,0.41061834,41591
2022/2/7 1:26:29,0.39203624,0.60796376,41559,0.111029546,0.888970454,41591.64,0.552192017,0.447807983,41605.65,0.520765658,0.479234342,41594
2022/2/7 1:26:36,0.361273657,0.638726343,41559.5,0.589320093,0.410679907,41594.99,0.584008003,0.415991997,41605.65,0.578169754,0.421830246,41599
