,Bybit_ask,Bybit_bid,Bybit_tiker,Binance_ask,Binance_bid,Binance_tiker,Coinbase Pro_ask,Coinbase Pro_bid,Coinbase Pro_tiker,FTX_ask,FTX_bid,FTX_tiker
2022/2/7 5:23:05,0.448592527,0.551407473,41506.5,0.072770557,0.927229443,41534.29,0.466679515,0.533320485,41529.84,0.426045002,0.573954998,41538
2022/2/7 5:23:12,0.427346378,0.572653622,41506,0.128600709,0.871399291,41534.29,0.467760317,0.532239683,41529.84,0.293898828,0.706101172,41533
2022/2/7 5:23:19,0.258242994,0.741757006,41506.5,0.162014776,0.837985224,41536.54,0.511328578,0.488671422,41540.44,0.236867793,0.763132207,41533
2022/2/7 5:23:26,0.297960009,0.702039991,41506.5,0.224663967,0.775336033,41536.99,0.50823178,0.49176822,41540.44,0.356485663,0.643514337,41533
2022/2/7 5:23:34,0.30891307,0.69108693,41506.5,0.445061933,0.554938067,41539.16,0.50823178,0.49176822,41540.44,0.472168368,0.527831632,41533
2022/2/7 5:23:41,0.321874618,0.678125382,41506,0.278055054,0.721944946,41536.98,0.521372144,0.478627856,41540.44,0.503645399,0.496354601,41533
2022/2/7 5:23:48,0.302878518,0.697121482,41506.5,0.418599046,0.581400954,41536.98,0.519327018,0.480672982,41540.44,0.464405448,0.535594552,41533
2022/2/7 5:23:55,0.242213575,0.757786425,41506.5,0.04410278,0.95589722,41536.98,0.532876405,0.467123595,41540.44,0.461788463,0.538211537,41534
2022/2/7 5:24:03,0.308828133,0.691171867,41506.5,0.337718027,0.662281973,41536.98,0.531712895,0.468287105,41540.44,0.350655264,0.649344736,41536
2022/2/7 5:24:11,0.307805207,0.692194793,41506.5,0.039552839,0.960447161,41539.14,0.515650466,0.484349534,41540.44,0.374292444,0.625707556,41536
2022/2/7 5:24:18,0.286238138,0.713761862,41506,0.076252893,0.923747107,41539.13,0.456625782,0.543374218,41540.44,0.540065891,0.459934109,41538
2022/2/7 5:24:25,0.320071569,0.679928431,41506.5,0.543675354,0.456324646,41537.05,0.468678093,0.531321907,41540.44,0.332112919,0.667887081,41537
2022/2/7 5:24:33,0.306056528,0.693943472,41506.5,0.147572418,0.852427582,41536.99,0.51096785,0.48903215,41540.44,0.41304684,0.58695316,41535
2022/2/7 5:24:40,0.316024817,0.683975183,41506.5,0.439922189,0.560077811,41537.07,0.512347361,0.487652639,41540.44,0.48245542,0.51754458,41535
2022/2/7 5:24:47,0.332991557,0.667008443,41506.5,0.764219926,0.235780074,41536.99,0.508362001,0.491637999,41540.44,0.482471264,0.517528736,41535
2022/2/7 5:24:54,0.333274835,0.666725165,41506.5,0.674702797,0.325297203,41536.99,0.502174846,0.497825154,41540.44,0.511356594,0.488643406,41535
2022/2/7 5:25:01,0.292938007,0.707061993,41506.5,0.492528057,0.507471943,41537,0.516712923,0.483287077,41540.44,0.515762198,0.484237802,41535
2022/2/7 5:25:08,0.334558695,0.665441305,41506.5,0.145254034,0.854745966,41536.99,0.530651061,0.469348939,41540.44,0.520431289,0.479568711,41535
2022/2/7 5:25:15,0.350589143,0.649410857,41506.5,0.274242155,0.725757845,41536.99,0.507268462,0.492731538,41540.44,0.521979299,0.478020701,41535
2022/2/7 5:25:23,0.317108387,0.682891613,41506.5,0.071249136,0.928750864,41537.01,0.497541014,0.502458986,41538.37,0.494062198,0.505937802,41535
2022/2/7 5:25:32,0.315330633,0.684669367,41506.5,0.500631926,0.499368074,41537,0.4457025,0.5542975,41538.37,0.504211947,0.495788053,41535
2022/2/7 5:25:39,0.319952825,0.680047175,41506.5,0.529181142,0.470818858,41537,0.428953255,0.571046745,41538.37,0.423044525,0.576955475,41535
2022/2/7 5:25:47,0.368593703,0.631406297,41506,0.484159463,0.515840537,41536.97,0.447770231,0.552229769,41538.37,0.43752736,0.56247264,41535
2022/2/7 5:25:54,0.359028424,0.640971576,41506.5,0.268357143,0.731642857,41537.06,0.460925581,0.539074419,41538.37,0.508552663,0.491447337,41535
2022/2/7 5:26:01,0.361787061,0.638212939,41506.5,0.561959136,0.438040864,41535.29,0.527091364,0.472908636,41538.37,0.491372645,0.508627355,41535
2022/2/7 5:26:08,0.406637488,0.593362512,41506,0.397299966,0.602700034,41534.71,0.527091364,0.472908636,41538.37,0.502707,0.497293,41535
2022/2/7 5:26:15,0.399998388,0.600001612,41506,0.151745943,0.848254057,41534.72,0.520871867,0.479128133,41538.37,0.422452536,0.577547464,41535
2022/2/7 5:26:23,0.395486512,0.604513488,41506,0.130712576,0.869287424,41534.72,0.51638779,0.48361221,41538.37,0.439643501,0.560356499,41535
2022/2/7 5:26:30,0.406534432,0.593465568,41506,0.195802639,0.804197361,41534.71,0.508476651,0.491523349,41538.37,0.492176991,0.507823009,41535
2022/2/7 5:26:38,0.397618027,0.602381973,41506,0.163183834,0.836816166,41534.71,0.522204068,0.477795932,41538.37,0.489279537,0.510720463,41535
2022/2/7 5:26:45,0.421598976,0.578401024,41506,0.142678407,0.857321593,41534.72,0.528649927,0.471350073,41538.37,0.50406485,0.49593515,41535
2022/2/7 5:26:52,0.390236927,0.609763073,41506.5,0.048724071,0.951275929,41536.97,0.569037487,0.430962513,41538.37,0.333299962,0.666700038,41535
2022/2/7 5:27:00,0.342581486,0.657418514,41506,0.243724007,0.756275993,41537,0.516459341,0.483540659,41538.37,0.489639281,0.510360719,41532
2022/2/7 5:27:07,0.347258894,0.652741106,41506.5,0.464639519,0.535360481,41539.13,0.510703682,0.489296318,41538.37,0.476916561,0.523083439,41532
2022/2/7 5:27:14,0.34541339,0.65458661,41506.5,0.212968042,0.787031958,41539.14,0.653640585,0.346359415,41538.37,0.489048567,0.510951433,41532
2022/2/7 5:27:21,0.326067051,0.673932949,41506.5,0.063451806,0.936548194,41539.16,0.566525541,0.433474459,41540.44,0.328929412,0.671070588,41532
2022/2/7 5:27:28,0.336202778,0.663797222,41506.5,0.066031118,0.933968882,41539.15,0.581471058,0.418528942,41540.44,0.290145544,0.709854456,41532
2022/2/7 5:27:35,0.348770213,0.651229787,41506,0.332695184,0.667304816,41539.17,0.578610188,0.421389812,41540.44,0.487036789,0.512963211,41531
2022/2/7 5:27:43,0.341677456,0.658322544,41506,0.37508092,0.62491908,41539.18,0.511108479,0.488891521,41540.44,0.319851286,0.680148714,41531
2022/2/7 5:27:51,0.389942766,0.610057234,41506.5,0.838550319,0.161449681,41539.15,0.465121067,0.534878933,41540.44,0.496649557,0.503350443,41532
2022/2/7 5:27:59,0.386087876,0.613912124,41506,0.096233641,0.903766359,41536.11,0.560498574,0.439501426,41540.44,0.465017044,0.534982956,41532
2022/2/7 5:28:08,0.392591611,0.607408389,41506.5,0.890897182,0.109102818,41538.71,0.579851665,0.420148335,41540.44,0.477436996,0.522563004,41531
2022/2/7 5:28:16,0.399892464,0.600107536,41506,0.431610121,0.568389879,41536.15,0.44400133,0.55599867,41538.37,0.475491988,0.524508012,41532
2022/2/7 5:28:23,0.399657445,0.600342555,41506,0.546358853,0.453641147,41536.82,0.455173501,0.544826499,41538.37,0.351606417,0.648393583,41532
2022/2/7 5:28:30,0.405360979,0.594639021,41506.5,0.73988257,0.26011743,41536.85,0.438702737,0.561297263,41538.37,0.689008745,0.310991255,41532
2022/2/7 5:28:37,0.331208284,0.668791716,41506,0.356469552,0.643530448,41538.43,0.461448179,0.538551821,41538.37,0.522157492,0.477842508,41532
2022/2/7 5:28:44,0.341591645,0.658408355,41506,0.452796988,0.547203012,41538.43,0.466482543,0.533517457,41538.37,0.374460028,0.625539972,41535
2022/2/7 5:28:52,0.339849152,0.660150848,41506.5,0.567512053,0.432487947,41538.45,0.436523962,0.563476038,41538.37,0.503059734,0.496940266,41535
2022/2/7 5:29:00,0.343257508,0.656742492,41506.5,0.804442256,0.195557744,41537.31,0.456839304,0.543160696,41538.37,0.509818325,0.490181675,41535
2022/2/7 5:29:07,0.34315203,0.65684797,41506.5,0.739221137,0.260778863,41537.3,0.505204016,0.494795984,41538.37,0.511915458,0.488084542,41535
2022/2/7 5:29:14,0.318191164,0.681808836,41506.5,0.096375845,0.903624155,41537.31,0.448551593,0.551448407,41529.71,0.46213245,0.53786755,41536
2022/2/7 5:29:21,0.320532387,0.679467613,41506.5,0.484608123,0.515391877,41537.48,0.417069634,0.582930366,41525.6,0.486411893,0.513588107,41536
2022/2/7 5:29:29,0.319406151,0.680593849,41506,0.784719869,0.215280131,41538.98,0.453957997,0.546042003,41525.6,0.526863101,0.473136899,41536
2022/2/7 5:29:36,0.335494946,0.664505054,41506.5,0.817542143,0.182457857,41538.97,0.455616992,0.544383008,41525.6,0.523923292,0.476076708,41536
2022/2/7 5:29:44,0.327178761,0.672821239,41506.5,0.468701739,0.531298261,41538.97,0.466131441,0.533868559,41525.6,0.334491188,0.665508812,41535
2022/2/7 5:29:51,0.332867699,0.667132301,41506,0.472466429,0.527533571,41538.98,0.459808618,0.540191382,41525.6,0.350378556,0.649621444,41535
2022/2/7 5:29:58,0.301650708,0.698349292,41506.5,0.574757264,0.425242736,41538.97,0.459808558,0.540191442,41525.6,0.516340479,0.483659521,41535
2022/2/7 5:30:05,0.312738389,0.687261611,41506.5,0.118116467,0.881883533,41538.98,0.474810768,0.525189232,41525.6,0.42295502,0.57704498,41535
2022/2/7 5:30:12,0.274647939,0.725352061,41506.5,0.072918467,0.927081533,41539.14,0.507637923,0.492362077,41540.44,0.660981266,0.339018734,41539
2022/2/7 5:30:20,0.270702495,0.729297505,41506,0.435271184,0.564728816,41539.14,0.526918464,0.473081536,41540.44,0.502129715,0.497870285,41539
2022/2/7 5:30:27,0.290344833,0.709655167,41506.5,0.225880442,0.774119558,41539.14,0.431193503,0.568806497,41540.44,0.539682678,0.460317322,41539
2022/2/7 5:30:35,0.304822499,0.695177501,41506,0.242579999,0.757420001,41539.17,0.439629089,0.560370911,41540.44,0.468559026,0.531440974,41539
2022/2/7 5:30:43,0.311959878,0.688040122,41506.5,0.737897079,0.262102921,41539.17,0.462114782,0.537885218,41540.44,0.472036673,0.527963327,41539
2022/2/7 5:30:50,0.311497843,0.688502157,41506.5,0.818501289,0.181498711,41539.18,0.442011961,0.557988039,41540.44,0.742458012,0.257541988,41539
2022/2/7 5:30:58,0.305105168,0.694894832,41506.5,0.742690744,0.257309256,41539.18,0.499504391,0.500495609,41540.44,0.315450315,0.684549685,41539
2022/2/7 5:31:04,0.335119002,0.664880998,41506,0.26500879,0.73499121,41539.16,0.482602599,0.517397401,41540.44,0.555001599,0.444998401,41539
2022/2/7 5:31:12,0.348127498,0.651872502,41506.5,0.881791696,0.118208304,41539.15,0.482091553,0.517908447,41540.44,0.533298055,0.466701945,41539
2022/2/7 5:31:20,0.352913672,0.647086328,41506.5,0.894851634,0.105148366,41539.81,0.533330398,0.466669602,41540.44,0.561416873,0.438583127,41539
2022/2/7 5:31:27,0.370105614,0.629894386,41506.5,0.872309173,0.127690827,41539.18,0.528782037,0.471217963,41540.44,0.565762324,0.434237676,41539
2022/2/7 5:31:36,0.368640499,0.631359501,41506.5,0.798429582,0.201570418,41539.8,0.514313549,0.485686451,41528.87,0.571804587,0.428195413,41539
2022/2/7 5:31:43,0.369772303,0.630227697,41506.5,0.680327913,0.319672087,41539.19,0.526575614,0.473424386,41528.87,0.368857376,0.631142624,41539
2022/2/7 5:31:51,0.384578165,0.615421835,41506.5,0.648600849,0.351399151,41539.19,0.476511832,0.523488168,41528.87,0.560163323,0.439836677,41539
2022/2/7 5:31:58,0.429291631,0.570708369,41506.5,0.351096645,0.648903355,41539,0.526010845,0.473989155,41525.6,0.561845333,0.438154667,41539
2022/2/7 5:32:06,0.429327083,0.570672917,41506.5,0.24688682,0.75311318,41539.01,0.526852121,0.473147879,41525.6,0.929743687,0.070256313,41530
2022/2/7 5:32:13,0.717443883,0.282556117,41506.5,0.574653398,0.425346602,41521.57,0.591345994,0.408654006,41520.06,0.819008172,0.180991828,41519
2022/2/7 5:32:20,0.761258359,0.238741641,41506,0.716661963,0.283338037,41521.57,0.44414415,0.55585585,41520.06,0.811346668,0.188653332,41519
2022/2/7 5:32:28,0.765879854,0.234120146,41506.5,0.79650433,0.20349567,41520.01,0.490905833,0.509094167,41520.06,0.821823717,0.178176283,41519
2022/2/7 5:32:35,0.76164858,0.23835142,41506,0.643430267,0.356569733,41520,0.485029768,0.514970232,41520.06,0.811457137,0.188542863,41519
2022/2/7 5:32:42,0.735694291,0.264305709,41506,0.561896481,0.438103519,41519.95,0.485029768,0.514970232,41520.06,0.818702662,0.181297338,41519
2022/2/7 5:32:49,0.69215251,0.30784749,41506,0.185555614,0.814444386,41519.96,0.566924012,0.433075988,41520.06,0.73687666,0.26312334,41516
2022/2/7 5:32:56,0.766804456,0.233195544,41506,0.182724468,0.817275532,41525.69,0.488333259,0.511666741,41520.06,0.29286517,0.70713483,41525
2022/2/7 5:33:03,0.556348292,0.443651708,41506.5,0.465021532,0.534978468,41525.69,0.555908137,0.444091863,41520.06,0.584612838,0.415387162,41525
2022/2/7 5:33:11,0.544439027,0.455560973,41506.5,0.692256565,0.307743435,41525.69,0.543438798,0.456561202,41520.06,0.772426227,0.227573773,41525
2022/2/7 5:33:18,0.599833511,0.400166489,41506.5,0.18201139,0.81798861,41521.81,0.476139316,0.523860684,41520.06,0.683379427,0.316620573,41525
2022/2/7 5:33:25,0.570249349,0.429750651,41506,0.268256994,0.731743006,41525.68,0.582135557,0.417864443,41520.06,0.750092203,0.249907797,41523
2022/2/7 5:33:33,0.543490728,0.456509272,41506.5,0.319938485,0.680061515,41528,0.595952677,0.404047323,41520.06,0.750257308,0.249742692,41523
2022/2/7 5:33:40,0.535696271,0.464303729,41506,0.445398881,0.554601119,41527.99,0.55385835,0.44614165,41520.06,0.598561411,0.401438589,41526
2022/2/7 5:33:47,0.531601629,0.468398371,41506,0.506018439,0.493981561,41529.57,0.555771604,0.444228396,41529.3,0.628543921,0.371456079,41526
2022/2/7 5:33:54,0.521962617,0.478037383,41506.5,0.803123353,0.196876647,41527.11,0.543693983,0.456306017,41527.23,0.627207911,0.372792089,41526
2022/2/7 5:34:02,0.525534514,0.474465486,41506,0.267772651,0.732227349,41528.89,0.50781071,0.49218929,41527.23,0.56255913,0.43744087,41524
2022/2/7 5:34:10,0.558166618,0.441833382,41506.5,0.385954139,0.614045861,41528.9,0.608094181,0.391905819,41527.23,0.475781535,0.524218465,41524
2022/2/7 5:34:18,0.558506351,0.441493649,41506.5,0.709554832,0.290445168,41528.9,0.452607849,0.547392151,41527.23,0.628163543,0.371836457,41525
2022/2/7 5:34:25,0.533965124,0.466034876,41506,0.880908878,0.119091122,41529.41,0.4357999,0.5642001,41514.9,0.608856863,0.391143137,41525
2022/2/7 5:34:32,0.526292946,0.473707054,41506.5,0.727062612,0.272937388,41527.49,0.434299315,0.565700685,41527.23,0.537813838,0.462186162,41525
2022/2/7 5:34:41,0.530740309,0.469259691,41506.5,0.206208518,0.793791482,41527.02,0.399963404,0.600036596,41527.23,0.599198557,0.400801443,41525
2022/2/7 5:34:48,0.528843271,0.471156729,41506,0.176173001,0.823826999,41529.2,0.547839289,0.452160711,41527.23,0.67705104,0.32294896,41527
2022/2/7 5:34:56,0.531738868,0.468261132,41506,0.235661861,0.764338139,41529.2,0.437984695,0.562015305,41527.23,0.627882433,0.372117567,41527
2022/2/7 5:35:03,0.537801014,0.462198986,41506.5,0.912463177,0.087536823,41527.57,0.408613163,0.591386837,41527.23,0.446551396,0.553448604,41527
2022/2/7 5:35:10,0.527369411,0.472630589,41506,0.325284755,0.674715245,41525.06,0.445643744,0.554356256,41527.23,0.437123035,0.562876965,41526
2022/2/7 5:35:17,0.464189769,0.535810231,41506.5,0.196730756,0.803269244,41529.99,0.533489437,0.466510563,41527.23,0.566714114,0.433285886,41530
2022/2/7 5:35:25,0.470528153,0.529471847,41506.5,0.633783128,0.366216872,41529.99,0.591820746,0.408179254,41527.23,0.63581831,0.36418169,41530
2022/2/7 5:35:32,0.479381775,0.520618225,41506.5,0.217835353,0.782164647,41527.28,0.55066475,0.44933525,41527.23,0.621640654,0.378359346,41530
2022/2/7 5:35:40,0.477675903,0.522324097,41506.5,0.220377515,0.779622485,41527.28,0.548202595,0.451797405,41527.23,0.542571113,0.457428887,41530
2022/2/7 5:35:48,0.290056463,0.709943537,41506,0.05758424,0.94241576,41535,0.511916947,0.488083053,41527.23,0.501609584,0.498390416,41530
2022/2/7 5:35:55,0.275031621,0.724968379,41506.5,0.272376792,0.727623208,41538.67,0.529726825,0.470273175,41527.23,0.534960262,0.465039738,41537
2022/2/7 5:36:02,0.281350129,0.718649871,41506.5,0.674534214,0.325465786,41537.37,0.425210378,0.574789622,41527.23,0.533954974,0.466045026,41536
2022/2/7 5:36:09,0.279598065,0.720401935,41506.5,0.174622541,0.825377459,41534.18,0.404278933,0.595721067,41527.23,0.638258969,0.361741031,41536
2022/2/7 5:36:16,0.281516315,0.718483685,41506.5,0.086449631,0.913550369,41536.13,0.41590963,0.58409037,41525.81,0.632044399,0.367955601,41538
2022/2/7 5:36:23,0.409963126,0.590036874,41506,0.140013713,0.859986287,41536.12,0.414270697,0.585729303,41525.81,0.395761031,0.604238969,41539
2022/2/7 5:36:30,0.411088227,0.588911773,41506.5,0.120543715,0.879456285,41536.13,0.414270697,0.585729303,41525.81,0.339685437,0.660314563,41539
2022/2/7 5:36:37,0.412183544,0.587816456,41506.5,0.22888077,0.77111923,41536.12,0.420183058,0.579816942,41525.81,0.537469331,0.462530669,41539
2022/2/7 5:36:44,0.412799125,0.587200875,41506.5,0.461336573,0.538663427,41536.13,0.48279594,0.51720406,41525.81,0.536143998,0.463856002,41539
2022/2/7 5:36:51,0.410688508,0.589311492,41506.5,0.496388375,0.503611625,41536.13,0.488174003,0.511825997,41525.81,0.522818942,0.477181058,41539
2022/2/7 5:36:58,0.410299145,0.589700855,41506.5,0.510408699,0.489591301,41536.12,0.4643437,0.5356563,41525.83,0.712402059,0.287597941,41539
2022/2/7 5:37:05,0.407480977,0.592519023,41506,0.186278869,0.813721131,41537.36,0.473222933,0.526777067,41525.83,0.371397785,0.628602215,41539
2022/2/7 5:37:12,0.403125,0.596875,41506.5,0.204335251,0.795664749,41537.37,0.475361531,0.524638469,41541.41,0.52769807,0.47230193,41539
2022/2/7 5:37:19,0.39416216,0.60583784,41506.5,0.073739318,0.926260682,41538.09,0.403871629,0.596128371,41540.98,0.53281716,0.46718284,41539
2022/2/7 5:37:27,0.395887731,0.604112269,41506.5,0.028821523,0.971178477,41538.11,0.448901967,0.551098033,41540.98,0.350202715,0.649797285,41547
2022/2/7 5:37:34,0.243652553,0.756347447,41543,0.069148194,0.930851806,41569.41,0.474859833,0.525140167,41540.98,0.379570494,0.620429506,41567
2022/2/7 5:37:42,0.300366269,0.699633731,41543,0.452231207,0.547768793,41569.41,0.415935288,0.584064712,41553.82,0.371905492,0.628094508,41567
2022/2/7 5:37:50,0.419677635,0.580322365,41542.5,0.248014937,0.751985063,41569.42,0.429888466,0.570111534,41566.07,0.573796362,0.426203638,41560
2022/2/7 5:38:01,0.817405988,0.182594012,41543,0.177626186,0.822373814,41553.77,0.496740027,0.503259973,41566.07,0.428105099,0.571894901,41559
2022/2/7 5:38:08,0.832624536,0.167375464,41543,0.228150237,0.771849763,41553.77,0.470423022,0.529576978,41566.07,0.505677768,0.494322232,41559
2022/2/7 5:38:15,0.725744465,0.274255535,41543,0.489687,0.510313,41560.11,0.513125768,0.486874232,41566.07,0.43417221,0.56582779,41555
2022/2/7 5:38:22,0.808634588,0.191365412,41543,0.074144464,0.925855536,41557.26,0.444919768,0.555080232,41566.07,0.431769011,0.568230989,41555
2022/2/7 5:38:29,0.686390973,0.313609027,41543,0.206652059,0.793347941,41564.3,0.4929842,0.5070158,41563.7,0.23568656,0.76431344,41555
2022/2/7 5:38:36,0.58801147,0.41198853,41543,0.374458602,0.625541398,41559.89,0.401661183,0.598338817,41563.7,0.542243805,0.457756195,41559
2022/2/7 5:38:44,0.530735456,0.469264544,41543,0.626004677,0.373995323,41564.18,0.360138016,0.639861984,41563.7,0.519914942,0.480085058,41561
2022/2/7 5:38:51,0.583959437,0.416040563,41542.5,0.235199452,0.764800548,41560.15,0.447559696,0.552440304,41563.7,0.588875147,0.411124853,41560
2022/2/7 5:38:59,0.558037879,0.441962121,41542.5,0.250820566,0.749179434,41562.32,0.461463404,0.538536596,41563.7,0.646080144,0.353919856,41561
2022/2/7 5:39:07,0.584627437,0.415372563,41543,0.330411367,0.669588633,41562.33,0.416178383,0.583821617,41563.7,0.641366267,0.358633733,41563
2022/2/7 5:39:14,0.432960176,0.567039824,41543,0.40773386,0.59226614,41564.17,0.425864215,0.574135785,41561.59,0.554635515,0.445364485,41563
2022/2/7 5:39:21,0.453053651,0.546946349,41543,0.433760249,0.566239751,41564.17,0.457653739,0.542346261,41561.59,0.567977951,0.432022049,41563
2022/2/7 5:39:29,0.468310014,0.531689986,41543,0.892159116,0.107840884,41561.8,0.4155365,0.5844635,41561.59,0.307336992,0.692663008,41562
2022/2/7 5:39:36,0.677235031,0.322764969,41542.5,0.163266389,0.836733611,41553.77,0.477046139,0.522953861,41561.59,0.180299589,0.819700411,41560
2022/2/7 5:39:43,0.681769756,0.318230244,41543,0.195905077,0.804094923,41557.1,0.495247794,0.504752206,41561.59,0.335738663,0.664261337,41556
2022/2/7 5:39:51,0.686109878,0.313890122,41543,0.095845076,0.904154924,41557.09,0.512881277,0.487118723,41545.61,0.458236086,0.541763914,41556
2022/2/7 5:39:59,0.733926612,0.266073388,41543,0.561727451,0.438272549,41559.23,0.505648155,0.494351845,41545.61,0.437579605,0.562420395,41556
2022/2/7 5:40:06,0.694618187,0.305381813,41543,0.197955232,0.802044768,41556.74,0.488724712,0.511275288,41545.61,0.464510256,0.535489744,41556
2022/2/7 5:40:13,0.687817824,0.312182176,41542.5,0.272603933,0.727396067,41557.38,0.476217769,0.523782231,41545.61,0.396146899,0.603853101,41560
2022/2/7 5:40:20,0.675340747,0.324659253,41542.5,0.147303712,0.852696288,41559.43,0.503025867,0.496974133,41545.61,0.481183707,0.518816293,41560
2022/2/7 5:40:27,0.554700862,0.445299138,41543,0.219051949,0.780948051,41559.44,0.451631103,0.548368897,41545.61,0.442029765,0.557970235,41560
2022/2/7 5:40:34,0.532937749,0.467062251,41543,0.354770003,0.645229997,41559.44,0.474354738,0.525645262,41545.61,0.429362656,0.570637344,41562
2022/2/7 5:40:42,0.539829405,0.460170595,41543,0.052997693,0.947002307,41559.44,0.458980986,0.541019014,41545.61,0.422905035,0.577094965,41563
2022/2/7 5:40:50,0.489670416,0.510329584,41543,0.173701507,0.826298493,41561,0.540833351,0.459166649,41545.61,0.524635295,0.475364705,41563
2022/2/7 5:40:59,0.482371065,0.517628935,41543,0.321474204,0.678525796,41562.16,0.513882243,0.486117757,41550.65,0.521298174,0.478701826,41563
2022/2/7 5:41:07,0.450337888,0.549662112,41542.5,0.350870758,0.649129242,41562.2,0.459849266,0.540150734,41561.55,0.316903658,0.683096342,41563
2022/2/7 5:41:15,0.358259313,0.641740687,41542.5,0.164933349,0.835066651,41564.17,0.382491337,0.617508663,41561.59,0.416010706,0.583989294,41567
2022/2/7 5:41:22,0.364772283,0.635227717,41543,0.133805051,0.866194949,41564.18,0.382491342,0.617508658,41561.59,0.578725444,0.421274556,41567
2022/2/7 5:41:31,0.323127072,0.676872928,41543,0.444218272,0.555781728,41567.58,0.438305714,0.561694286,41561.59,0.312837056,0.687162944,41567
2022/2/7 5:41:39,0.3421175,0.6578825,41543,0.433958068,0.566041932,41567.58,0.438959999,0.561040001,41561.59,0.430157229,0.569842771,41567
2022/2/7 5:41:47,0.33097031,0.66902969,41543,0.695403812,0.304596188,41567.59,0.425148905,0.574851095,41561.59,0.496779642,0.503220358,41567
2022/2/7 5:41:54,0.321147301,0.678852699,41542.5,0.279404253,0.720595747,41567.59,0.461777907,0.538222093,41561.59,0.549598046,0.450401954,41567
2022/2/7 5:42:01,0.29908896,0.70091104,41543,0.149449301,0.850550699,41567.59,0.453908804,0.546091196,41561.59,0.643576881,0.356423119,41567
2022/2/7 5:42:09,0.321164346,0.678835654,41543,0.506028779,0.493971221,41567.53,0.453904574,0.546095426,41567.98,0.457204708,0.542795292,41567
2022/2/7 5:42:17,0.322076142,0.677923858,41543,0.568979919,0.431020081,41567.58,0.481535795,0.518464205,41567.98,0.459619999,0.540380001,41567
2022/2/7 5:42:25,0.34892703,0.65107297,41543,0.886962931,0.113037069,41567.57,0.453699811,0.546300189,41567.98,0.477238597,0.522761403,41566
2022/2/7 5:42:32,0.337662464,0.662337536,41543,0.557545191,0.442454809,41566.8,0.428687557,0.571312443,41559.81,0.505274099,0.494725901,41566
2022/2/7 5:42:39,0.333483675,0.666516325,41543,0.509958075,0.490041925,41566.79,0.428687557,0.571312443,41559.81,0.518263255,0.481736745,41566
2022/2/7 5:42:47,0.379797719,0.620202281,41543,0.432921619,0.567078381,41562.21,0.474688955,0.525311045,41559.81,0.617551577,0.382448423,41566
2022/2/7 5:42:54,0.750926782,0.249073218,41542.5,0.837370409,0.162629591,41553.47,0.502268459,0.497731541,41549.26,0.533781981,0.466218019,41565
2022/2/7 5:43:01,0.608337133,0.391662867,41526.5,0.682201292,0.317798708,41542.24,0.487667277,0.512332723,41549.26,0.517136809,0.482863191,41543
2022/2/7 5:43:09,0.714113915,0.285886085,41526,0.912151878,0.087848122,41540.2,0.546251979,0.453748021,41549.26,0.494806807,0.505193193,41537
2022/2/7 5:43:16,0.865087339,0.134912661,41526.5,0.460110213,0.539889787,41532.11,0.569655758,0.430344242,41549.26,0.415184785,0.584815215,41536
2022/2/7 5:43:23,0.802940936,0.197059064,41526.5,0.116723736,0.883276264,41532.12,0.569975772,0.430024228,41549.26,0.502474368,0.497525632,41535
2022/2/7 5:43:30,0.797783956,0.202216044,41526,0.492479035,0.507520965,41532.13,0.561302151,0.438697849,41549.26,0.494946786,0.505053214,41534
2022/2/7 5:43:38,0.797120727,0.202879273,41526,0.877708717,0.122291283,41532.11,0.523355165,0.476644835,41549.26,0.550261355,0.449738645,41534
2022/2/7 5:43:45,0.802828933,0.197171067,41526,0.728040069,0.271959931,41529.55,0.505136114,0.494863886,41549.26,0.538035145,0.461964855,41535
2022/2/7 5:43:52,0.801369753,0.198630247,41526,0.411138235,0.588861765,41532.09,0.62945461,0.37054539,41549.26,0.533512017,0.466487983,41535
2022/2/7 5:44:00,0.797973915,0.202026085,41526.5,0.257763605,0.742236395,41528.06,0.511233755,0.488766245,41549.26,0.613096176,0.386903824,41530
2022/2/7 5:44:07,0.798695847,0.201304153,41526,0.765093161,0.234906839,41528.06,0.498647098,0.501352902,41549.26,0.474937459,0.525062541,41530
2022/2/7 5:44:14,0.804309493,0.195690507,41526,0.710074463,0.289925537,41528.05,0.511512734,0.488487266,41549.26,0.459417624,0.540582376,41530
2022/2/7 5:44:21,0.798133806,0.201866194,41526.5,0.846752924,0.153247076,41528.06,0.511512734,0.488487266,41549.26,0.413090118,0.586909882,41530
2022/2/7 5:44:28,0.909974433,0.090025567,41520.5,0.216935327,0.783064673,41517.26,0.499711094,0.500288906,41549.26,0.46937252,0.53062748,41520
2022/2/7 5:44:36,0.886821506,0.113178494,41520,0.897161066,0.102838934,41517.25,0.499994398,0.500005602,41549.26,0.623370377,0.376629623,41520
2022/2/7 5:44:43,0.880890093,0.119109907,41520,0.368715771,0.631284229,41515.81,0.540165793,0.459834207,41549.26,0.624710709,0.375289291,41520
2022/2/7 5:44:50,0.889372949,0.110627051,41520,0.314152647,0.685847353,41515.81,0.71331441,0.28668559,41496.66,0.404817774,0.595182226,41508
2022/2/7 5:44:57,0.852455291,0.147544709,41502,0.913584726,0.086415274,41501.01,0.537079823,0.462920177,41487.71,0.623354769,0.376645231,41503
2022/2/7 5:45:04,0.864355275,0.135644725,41502,0.404484002,0.595515998,41500.01,0.489341793,0.510658207,41487.71,0.735192375,0.264807625,41500
2022/2/7 5:45:11,0.88510231,0.11489769,41502,0.32292812,0.67707188,41500,0.59458293,0.40541707,41487.71,0.617694296,0.382305704,41499
2022/2/7 5:45:20,0.860925544,0.139074456,41500,0.166146862,0.833853138,41500.01,0.539119658,0.460880342,41487.71,0.529091958,0.470908042,41498
2022/2/7 5:45:29,0.875659969,0.124340031,41500,0.206849265,0.793150735,41500,0.633554506,0.366445494,41486.31,0.43374372,0.56625628,41498
2022/2/7 5:45:36,0.954722307,0.045277693,41500,0.265527946,0.734472054,41500,0.61094151,0.38905849,41486.31,0.415417262,0.584582738,41498
2022/2/7 5:45:43,0.958926594,0.041073406,41500,0.270208176,0.729791824,41500,0.476820006,0.523179994,41484.24,0.722857674,0.277142326,41482
2022/2/7 5:45:50,0.630099292,0.369900708,41460,0.337914038,0.662085962,41476.16,0.531019104,0.468980896,41449.44,0.332252796,0.667747204,41478
2022/2/7 5:45:57,0.68103484,0.31896516,41460.5,0.33226655,0.66773345,41466.49,0.561776878,0.438223122,41449.44,0.58727834,0.41272166,41471
2022/2/7 5:46:04,0.87115151,0.12884849,41460.5,0.339115907,0.660884093,41459.99,0.539185734,0.460814266,41449.44,0.619887714,0.380112286,41461
2022/2/7 5:46:12,0.89500935,0.10499065,41460.5,0.312673001,0.687326999,41459,0.591794155,0.408205845,41449.44,0.534589502,0.465410498,41467
2022/2/7 5:46:19,0.550151093,0.449848907,41460,0.576339135,0.423660865,41472.39,0.643265265,0.356734735,41449.44,0.586331229,0.413668771,41476
2022/2/7 5:46:26,0.221972566,0.778027434,41460.5,0.348253897,0.651746103,41482.19,0.601426693,0.398573307,41449.44,0.542015448,0.457984552,41484
2022/2/7 5:46:35,0.312692334,0.687307666,41460.5,0.193073063,0.806926937,41479.21,0.618630206,0.381369794,41449.44,0.519203325,0.480796675,41483
2022/2/7 5:46:42,0.290674884,0.709325116,41460.5,0.522163157,0.477836843,41484.39,0.62029227,0.37970773,41449.44,0.486616593,0.513383407,41484
2022/2/7 5:46:49,0.075323092,0.924676908,41460.5,0.833131516,0.166868484,41490.74,0.64119629,0.35880371,41483.95,0.307921069,0.692078931,41485
2022/2/7 5:46:56,0.024612428,0.975387572,41464.5,0.238997946,0.761002054,41490.64,0.598661363,0.401338637,41483.95,0.525200288,0.474799712,41491
2022/2/7 5:47:03,0.200482035,0.799517965,41465,0.705950035,0.294049965,41487.61,0.666661511,0.333338489,41483.95,0.214337346,0.785662654,41488
2022/2/7 5:47:10,0.28212006,0.71787994,41464.5,0.392407059,0.607592941,41481.98,0.545352474,0.454647526,41483.95,0.407610491,0.592389509,41488
2022/2/7 5:47:17,0.381268355,0.618731645,41465,0.297934526,0.702065474,41477.25,0.53423678,0.46576322,41483.95,0.325660397,0.674339603,41482
2022/2/7 5:47:25,0.515406975,0.484593025,41464.5,0.140927213,0.859072787,41471.27,0.5415236,0.4584764,41483.95,0.488817508,0.511182492,41482
2022/2/7 5:47:33,0.604202928,0.395797072,41465,0.097132772,0.902867228,41475.06,0.566751192,0.433248808,41483.95,0.596262228,0.403737772,41476
2022/2/7 5:47:40,0.660458492,0.339541508,41465,0.208191758,0.791808242,41470.65,0.592125554,0.407874446,41483.95,0.598470895,0.401529105,41472
2022/2/7 5:47:47,0.671110195,0.328889805,41464.5,0.529400022,0.470599978,41470.64,0.577472285,0.422527715,41483.95,0.441273591,0.558726409,41472
2022/2/7 5:47:55,0.898013088,0.101986912,41464,0.180980298,0.819019702,41460.05,0.404667378,0.595332622,41471.11,0.402870787,0.597129213,41464
2022/2/7 5:48:02,0.899084405,0.100915595,41460.5,0.06057972,0.93942028,41455.36,0.511406565,0.488593435,41471.11,0.480495827,0.519504173,41455
2022/2/7 5:48:09,0.98113403,0.01886597,41460,0.324801831,0.675198169,41452,0.492688877,0.507311123,41441.36,0.524139551,0.475860449,41454
2022/2/7 5:48:18,0.936818972,0.063181028,41456,0.635476466,0.364523534,41450.01,0.501947252,0.498052748,41441.36,0.604578248,0.395421752,41454
2022/2/7 5:48:25,0.948310245,0.051689755,41456.5,0.46014605,0.53985395,41446.48,0.594017849,0.405982151,41453.1,0.842401333,0.157598667,41454
2022/2/7 5:48:33,0.947323025,0.052676975,41456.5,0.659538508,0.340461492,41446.36,0.595405105,0.404594895,41453.1,0.840331957,0.159668043,41453
2022/2/7 5:48:41,0.974013474,0.025986526,41456,0.583918058,0.416081942,41444.04,0.619977901,0.380022099,41446.8,0.676671228,0.323328772,41451
2022/2/7 5:48:48,0.866385911,0.133614089,41456,0.087327507,0.912672493,41450.26,0.734482397,0.265517603,41446.8,0.536759016,0.463240984,41451
2022/2/7 5:48:55,0.327944292,0.672055708,41456,0.840137312,0.159862688,41472.44,0.541246507,0.458753493,41475.7,0.607069808,0.392930192,41483
2022/2/7 5:49:03,0.34216692,0.65783308,41456,0.290115729,0.709884271,41474.46,0.60123809,0.39876191,41457.32,0.284812723,0.715187277,41473
2022/2/7 5:49:10,0.332926353,0.667073647,41455.5,0.408549596,0.591450404,41474.44,0.755157165,0.244842835,41472.04,0.403206243,0.596793757,41476
2022/2/7 5:49:17,0.267036908,0.732963092,41456,0.387299164,0.612700836,41477.31,0.78580127,0.21419873,41472.1,0.53222574,0.46777426,41476
2022/2/7 5:49:25,0.25465763,0.74534237,41456,0.432229925,0.567770075,41480,0.791895198,0.208104802,41472.1,0.255799818,0.744200182,41476
2022/2/7 5:49:32,0.295877653,0.704122347,41456,0.927227873,0.072772127,41480,0.572081152,0.427918848,41472.1,0.56979867,0.43020133,41476
2022/2/7 5:49:39,0.3336648,0.6663352,41456,0.689246273,0.310753727,41475.67,0.599136216,0.400863784,41472.1,0.522927445,0.477072555,41476
2022/2/7 5:49:46,0.231711893,0.768288107,41455.5,0.140149006,0.859850994,41479.99,0.672714331,0.327285669,41467.97,0.457897078,0.542102922,41481
2022/2/7 5:49:53,0.259188005,0.740811995,41456,0.056286118,0.943713882,41479.99,0.658190131,0.341809869,41467.97,0.318388569,0.681611431,41480
2022/2/7 5:50:01,0.045617586,0.954382414,41465,0.957815066,0.042184934,41492.65,0.572239581,0.427760419,41467.97,0.497430739,0.502569261,41491
2022/2/7 5:50:08,0.225345594,0.774654406,41465,0.161543019,0.838456981,41485.1,0.66261432,0.33738568,41484.64,0.251771884,0.748228116,41488
2022/2/7 5:50:15,0.089545898,0.910454102,41465,0.170672785,0.829327215,41492.65,0.577075328,0.422924672,41484.64,0.534829163,0.465170837,41488
2022/2/7 5:50:22,0.101503076,0.898496924,41465,0.766347156,0.233652844,41493,0.595927994,0.404072006,41491.49,0.308753323,0.691246677,41488
2022/2/7 5:50:30,0.060975511,0.939024489,41465,0.362231014,0.637768986,41493,0.574962285,0.425037715,41491.49,0.55085892,0.44914108,41488
2022/2/7 5:50:38,0.045195016,0.954804984,41465,0.445380216,0.554619784,41493,0.584798436,0.415201564,41491.49,0.51379866,0.48620134,41491
2022/2/7 5:50:45,0.140600267,0.859399733,41465,0.575145151,0.424854849,41493,0.688553408,0.311446592,41491.49,0.475218017,0.524781983,41491
2022/2/7 5:50:53,0.360348037,0.639651963,41465,0.892958248,0.107041752,41484.25,0.619815048,0.380184952,41477.13,0.306548134,0.693451866,41490
2022/2/7 5:51:00,0.334384886,0.665615114,41465,0.516958284,0.483041716,41484.25,0.710953847,0.289046153,41477.13,0.291351977,0.708648023,41490
2022/2/7 5:51:07,0.142458648,0.857541352,41465,0.058835949,0.941164051,41495.3,0.604464947,0.395535053,41483.68,0.354745152,0.645254848,41490
2022/2/7 5:51:15,0.103865378,0.896134622,41464.5,0.507328864,0.492671136,41495.29,0.610227883,0.389772117,41477.1,0.494027719,0.505972281,41490
2022/2/7 5:51:22,0.101998584,0.898001416,41465,0.41940373,0.58059627,41492.62,0.532750622,0.467249378,41477.1,0.451412458,0.548587542,41490
2022/2/7 5:51:29,0.131953474,0.868046526,41465,0.680608472,0.319391528,41492.62,0.597133268,0.402866732,41477.1,0.284732904,0.715267096,41490
2022/2/7 5:51:36,0.136321961,0.863678039,41465,0.238176288,0.761823712,41492.43,0.564071808,0.435928192,41491.53,0.471775248,0.528224752,41490
2022/2/7 5:51:43,0.098436356,0.901563644,41465,0.200679596,0.799320404,41492.43,0.602992988,0.397007012,41491.53,0.509043899,0.490956101,41490
2022/2/7 5:51:50,0.144891013,0.855108987,41464.5,0.191228348,0.808771652,41492.43,0.593341861,0.406658139,41491.53,0.466196857,0.533803143,41490
2022/2/7 5:51:58,0.172833189,0.827166811,41465,0.072565115,0.927434885,41490.38,0.57536338,0.42463662,41491.53,0.533762269,0.466237731,41490
2022/2/7 5:52:06,0.101354258,0.898645742,41465,0.168455564,0.831544436,41495.14,0.571232223,0.428767777,41478.77,0.474975361,0.525024639,41490
2022/2/7 5:52:13,0.025668474,0.974331526,41485.5,0.199990165,0.800009835,41528.88,0.670124193,0.329875807,41513.93,0.58994135,0.41005865,41528
2022/2/7 5:52:21,0.331997359,0.668002641,41501,0.516051018,0.483948982,41517.22,0.62848319,0.37151681,41513.93,0.508185993,0.491814007,41521
2022/2/7 5:52:28,0.178751068,0.821248932,41500.5,0.806263341,0.193736659,41530.19,0.39434598,0.60565402,41513.93,0.432975241,0.567024759,41524
2022/2/7 5:52:36,0.299866045,0.700133955,41501,0.314590118,0.685409882,41516.29,0.537942977,0.462057023,41521.17,0.585342431,0.414657569,41520
2022/2/7 5:52:43,0.424184089,0.575815911,41500.5,0.584839044,0.415160956,41523.94,0.654417736,0.345582264,41517.16,0.538333905,0.461666095,41516
2022/2/7 5:52:51,0.370950557,0.629049443,41500.5,0.405642301,0.594357699,41522.23,0.638222053,0.361777947,41517.16,0.523018274,0.476981726,41516
2022/2/7 5:52:58,0.352309016,0.647690984,41500.5,0.77839429,0.22160571,41520.61,0.630858156,0.369141844,41517.16,0.482752196,0.517247804,41516
2022/2/7 5:53:05,0.442579319,0.557420681,41501,0.146020018,0.853979982,41514.56,0.536341602,0.463658398,41517.16,0.618010483,0.381989517,41515
2022/2/7 5:53:13,0.633921189,0.366078811,41500.5,0.939949283,0.060050717,41505.44,0.493512188,0.506487812,41517.16,0.404286662,0.595713338,41503
2022/2/7 5:53:20,0.906680117,0.093319883,41490.5,0.561887566,0.438112434,41492.88,0.499285741,0.500714259,41517.16,0.498176036,0.501823964,41502
2022/2/7 5:53:28,0.660154494,0.339845506,41490.5,0.178357771,0.821642229,41505.92,0.667818799,0.332181201,41517.16,0.695384936,0.304615064,41497
2022/2/7 5:53:35,0.674729012,0.325270988,41490,0.382056191,0.617943809,41506.65,0.592065752,0.407934248,41517.16,0.669081415,0.330918585,41509
2022/2/7 5:53:42,0.673729536,0.326270464,41490.5,0.566123476,0.433876524,41508,0.579896713,0.420103287,41517.16,0.594264937,0.405735063,41509
2022/2/7 5:53:51,0.036931052,0.963068948,41490.5,0.080982386,0.919017614,41522.23,0.645659557,0.354340443,41518.66,0.574717666,0.425282334,41527
2022/2/7 5:53:58,0.216016786,0.783983214,41500,0.710581243,0.289418757,41520.64,0.544523999,0.455476001,41518.66,0.589648743,0.410351257,41517
2022/2/7 5:54:06,0.710250833,0.289749167,41500,0.221133305,0.778866695,41502.18,0.568254386,0.431745614,41518.66,0.422381185,0.577618815,41517
2022/2/7 5:54:13,0.613947389,0.386052611,41500.5,0.448412823,0.551587177,41511.25,0.579748712,0.420251288,41518.66,0.488829779,0.511170221,41514
2022/2/7 5:54:20,0.323753149,0.676246851,41500.5,0.277953702,0.722046298,41520.77,0.559391181,0.440608819,41518.66,0.542716223,0.457283777,41514
2022/2/7 5:54:27,0.242773419,0.757226581,41500.5,0.351587046,0.648412954,41512.27,0.540944049,0.459055951,41518.66,0.515248077,0.484751923,41520
2022/2/7 5:54:35,0.472614774,0.527385226,41496,0.101406609,0.898593391,41516.22,0.556203768,0.443796232,41486.27,0.506365587,0.493634413,41505
2022/2/7 5:54:43,0.120261467,0.879738533,41501.5,0.422309939,0.577690061,41522.18,0.649244068,0.350755932,41486.27,0.115715248,0.884284752,41520
2022/2/7 5:54:50,0.070119345,0.929880655,41501.5,0.714994042,0.285005958,41522.18,0.579704222,0.420295778,41486.27,0.47169031,0.52830969,41520
2022/2/7 5:54:57,0.064655797,0.935344203,41501.5,0.195529001,0.804470999,41518.07,0.565239525,0.434760475,41486.27,0.640743928,0.359256072,41523
2022/2/7 5:55:04,0.02629376,0.97370624,41505,0.612914566,0.387085434,41527.48,0.562152507,0.437847493,41486.27,0.58482391,0.41517609,41530
2022/2/7 5:55:11,0.127294852,0.872705148,41505,0.145338469,0.854661531,41522.99,0.645547659,0.354452341,41486.27,0.412501939,0.587498061,41527
2022/2/7 5:55:19,0.062530482,0.937469518,41505,0.446167397,0.553832603,41530.19,0.65577508,0.34422492,41486.27,0.562626223,0.437373777,41525
2022/2/7 5:55:26,0.118626438,0.881373562,41505.5,0.771461641,0.228538359,41530.19,0.587017027,0.412982973,41486.27,0.610934716,0.389065284,41525
2022/2/7 5:55:33,0.166944182,0.833055818,41505.5,0.200195408,0.799804592,41523.13,0.462892173,0.537107827,41486.27,0.553641685,0.446358315,41528
2022/2/7 5:55:40,0.487381395,0.512618605,41505.5,0.381433983,0.618566017,41508.91,0.489366118,0.510633882,41486.27,0.461681674,0.538318326,41513
2022/2/7 5:55:47,0.67034035,0.32965965,41505,0.150371636,0.849628364,41510.78,0.481018598,0.518981402,41486.27,0.359457699,0.640542301,41513
2022/2/7 5:55:55,0.673191516,0.326808484,41505,0.068862412,0.931137588,41510.9,0.484060457,0.515939543,41486.27,0.527647139,0.472352861,41513
2022/2/7 5:56:02,0.597927319,0.402072681,41505.5,0.267355957,0.732644043,41514.73,0.547382078,0.452617922,41486.27,0.543185695,0.456814305,41514
2022/2/7 5:56:10,0.588786549,0.411213451,41505,0.743776004,0.256223996,41514.73,0.570055324,0.429944676,41486.27,0.55527618,0.44472382,41514
2022/2/7 5:56:17,0.592814034,0.407185966,41505.5,0.688011158,0.311988842,41514.74,0.586871415,0.413128585,41486.27,0.559247632,0.440752368,41514
2022/2/7 5:56:24,0.604335768,0.395664232,41505,0.853234042,0.146765958,41510.94,0.586549074,0.413450926,41486.27,0.603380379,0.396619621,41514
2022/2/7 5:56:32,0.663124399,0.336875601,41505,0.219494199,0.780505801,41508.23,0.492663514,0.507336486,41486.27,0.620631227,0.379368773,41514
2022/2/7 5:56:40,0.679502794,0.320497206,41505,0.213725132,0.786274868,41508.23,0.492663514,0.507336486,41486.27,0.606393086,0.393606914,41514
2022/2/7 5:56:49,0.678054592,0.321945408,41505,0.05754606,0.94245394,41508.23,0.696823707,0.303176293,41486.27,0.566729964,0.433270036,41514
2022/2/7 5:56:56,0.648698143,0.351301857,41505,0.600924466,0.399075534,41511.65,0.546107146,0.453892854,41486.27,0.553436876,0.446563124,41514
2022/2/7 5:57:05,0.667246197,0.332753803,41505.5,0.190298527,0.809701473,41512.64,0.560243801,0.439756199,41486.27,0.594245551,0.405754449,41514
2022/2/7 5:57:13,0.634436635,0.365563365,41505.5,0.546001439,0.453998561,41514.72,0.683248283,0.316751717,41486.27,0.738931629,0.261068371,41514
2022/2/7 5:57:21,0.627835902,0.372164098,41505.5,0.286915715,0.713084285,41509.99,0.589798425,0.410201575,41486.27,0.599934514,0.400065486,41514
2022/2/7 5:57:28,0.636624776,0.363375224,41505.5,0.507910084,0.492089916,41510,0.601045456,0.398954544,41513.53,0.604148263,0.395851737,41514
2022/2/7 5:57:35,0.623778171,0.376221829,41505,0.481530991,0.518469009,41510,0.61924069,0.38075931,41513.53,0.604919407,0.395080593,41514
2022/2/7 5:57:43,0.642773947,0.357226053,41505,0.594856621,0.405143379,41500.77,0.61766915,0.38233085,41499.72,0.243980575,0.756019425,41507
2022/2/7 5:57:50,0.634921809,0.365078191,41505,0.086954608,0.913045392,41509.29,0.649392077,0.350607923,41499.72,0.420551338,0.579448662,41507
2022/2/7 5:57:57,0.712575316,0.287424684,41505.5,0.38561393,0.61438607,41508.29,0.578116837,0.421883163,41499.72,0.633372044,0.366627956,41507
2022/2/7 5:58:04,0.80811796,0.19188204,41505.5,0.724226235,0.275773765,41501,0.491005774,0.508994226,41499.72,0.425960562,0.574039438,41509
2022/2/7 5:58:12,0.823428479,0.176571521,41505.5,0.74101107,0.25898893,41501,0.501127306,0.498872694,41499.72,0.455583044,0.544416956,41509
2022/2/7 5:58:19,0.829030624,0.170969376,41505,0.798498096,0.201501904,41501.01,0.49868808,0.50131192,41499.72,0.558411409,0.441588591,41500
2022/2/7 5:58:27,0.767525036,0.232474964,41505.5,0.837563095,0.162436905,41501,0.546920253,0.453079747,41499.72,0.542849522,0.457150478,41500
2022/2/7 5:58:34,0.665471783,0.334528217,41495.5,0.666715249,0.333284751,41495,0.546891395,0.453108605,41499.72,0.506799217,0.493200783,41500
2022/2/7 5:58:41,0.649793203,0.350206797,41495.5,0.058186013,0.941813987,41499.43,0.542361855,0.457638145,41499.72,0.70093142,0.29906858,41495
2022/2/7 5:58:48,0.644696467,0.355303533,41495,0.167276101,0.832723899,41499.42,0.6886691,0.3113309,41499.72,0.582991283,0.417008717,41495
2022/2/7 5:58:56,0.663163917,0.336836083,41495,0.144682941,0.855317059,41497.91,0.522144801,0.477855199,41483.66,0.360321551,0.639678449,41495
2022/2/7 5:59:03,0.589669873,0.410330127,41495,0.522418203,0.477581797,41502.5,0.536507707,0.463492293,41483.66,0.728302574,0.271697426,41495
2022/2/7 5:59:10,0.59039921,0.40960079,41495.5,0.159521529,0.840478471,41502.51,0.514860416,0.485139584,41483.66,0.659080094,0.340919906,41495
2022/2/7 5:59:17,0.373515997,0.626484003,41495,0.223020677,0.776979323,41510.42,0.598418874,0.401581126,41483.66,0.515452128,0.484547872,41495
2022/2/7 5:59:25,0.377781317,0.622218683,41495.5,0.303506278,0.696493722,41511.13,0.533568767,0.466431233,41483.66,0.318954812,0.681045188,41495
2022/2/7 5:59:32,0.400045259,0.599954741,41495,0.591100723,0.408899277,41508.69,0.465155219,0.534844781,41483.66,0.540845278,0.459154722,41495
2022/2/7 5:59:39,0.369657904,0.630342096,41495,0.041774668,0.958225332,41508.73,0.54927499,0.45072501,41483.66,0.417247532,0.582752468,41495
2022/2/7 5:59:46,0.354526687,0.645473313,41495.5,0.211946053,0.788053947,41519.99,0.644288427,0.355711573,41483.66,0.355199893,0.644800107,41519
2022/2/7 5:59:54,0.15786053,0.84213947,41503.5,0.342152333,0.657847667,41521.99,0.496722243,0.503277757,41483.66,0.543881468,0.456118532,41526
2022/2/7 6:00:01,0.160751462,0.839248538,41503.5,0.211192565,0.788807435,41522,0.471835114,0.528164886,41483.66,0.487075608,0.512924392,41526
2022/2/7 6:00:08,0.124503852,0.875496148,41503,0.938823758,0.061176242,41525.26,0.481018169,0.518981831,41483.66,0.384253514,0.615746486,41526
2022/2/7 6:00:16,0.150525655,0.849474345,41503,0.695431908,0.304568092,41528.27,0.510790114,0.489209886,41483.66,0.44729329,0.55270671,41526
2022/2/7 6:00:23,0.175961314,0.824038686,41503.5,0.655689967,0.344310033,41529.62,0.668342137,0.331657863,41483.66,0.556287006,0.443712994,41528
2022/2/7 6:00:31,0.05269439,0.94730561,41510.5,0.169203846,0.830796154,41549.8,0.588050957,0.411949043,41483.66,0.384320602,0.615679398,41545
2022/2/7 6:00:38,0.047616265,0.952383735,41521.5,0.695750102,0.304249898,41550.01,0.52146112,0.47853888,41483.66,0.450276125,0.549723875,41550
2022/2/7 6:00:45,0.204855318,0.795144682,41521.5,0.139920931,0.860079069,41541.91,0.550885474,0.449114526,41483.66,0.552631025,0.447368975,41550
2022/2/7 6:00:52,0.162571514,0.837428486,41521,0.763087882,0.236912118,41540.01,0.46100723,0.53899277,41559.58,0.4767421,0.5232579,41542
2022/2/7 6:01:00,0.343473792,0.656526208,41521.5,0.463007678,0.536992322,41540.01,0.497637075,0.502362925,41559.58,0.489536615,0.510463385,41542
2022/2/7 6:01:07,0.227700918,0.772299082,41521,0.416035066,0.583964934,41540.01,0.490094833,0.509905167,41559.58,0.407221784,0.592778216,41543
2022/2/7 6:01:15,0.239887918,0.760112082,41521.5,0.899483611,0.100516389,41540.02,0.483580411,0.516419589,41559.58,0.452696078,0.547303922,41543
2022/2/7 6:01:22,0.676182378,0.323817622,41521,0.327447041,0.672552959,41522.36,0.47288345,0.52711655,41513.43,0.393311689,0.606688311,41536
2022/2/7 6:01:29,0.659185378,0.340814622,41521,0.377143622,0.622856378,41524.95,0.536563077,0.463436923,41513.43,0.283128398,0.716871602,41536
2022/2/7 6:01:37,0.441711386,0.558288614,41521,0.641152893,0.358847107,41544.12,0.495688444,0.504311556,41534.25,0.476760401,0.523239599,41531
2022/2/7 6:01:44,0.059323178,0.940676822,41521.5,0.288018311,0.711981689,41553.23,0.445713171,0.554286829,41534.25,0.50158448,0.49841552,41551
2022/2/7 6:01:52,0.050537881,0.949462119,41521.5,0.37220269,0.62779731,41553.23,0.536054331,0.463945669,41534.25,0.493729564,0.506270436,41550
2022/2/7 6:01:59,0.01104563,0.98895437,41523,0.837835382,0.162164618,41555.54,0.565196924,0.434803076,41534.25,0.641975957,0.358024043,41552
2022/2/7 6:02:07,0.179434885,0.820565115,41523,0.296452378,0.703547622,41542.99,0.505589034,0.494410966,41534.25,0.474217873,0.525782127,41544
2022/2/7 6:02:14,0.167483356,0.832516644,41523.5,0.683316802,0.316683198,41545.41,0.528800777,0.471199223,41534.25,0.429306722,0.570693278,41544
2022/2/7 6:02:21,0.137565765,0.862434235,41523.5,0.307945937,0.692054063,41545.4,0.513402039,0.486597961,41534.25,0.390723009,0.609276991,41544
2022/2/7 6:02:28,0.105613522,0.894386478,41523.5,0.842439678,0.157560322,41548.79,0.540316774,0.459683226,41534.25,0.374298328,0.625701672,41545
2022/2/7 6:02:35,0.015790016,0.984209984,41523.5,0.316427876,0.683572124,41555.08,0.489968712,0.510031288,41534.25,0.323249706,0.676750294,41547
2022/2/7 6:02:43,0.035772295,0.964227705,41526,0.394539465,0.605460535,41555.07,0.444316367,0.555683633,41534.25,0.625902097,0.374097903,41548
2022/2/7 6:02:50,0.10500242,0.89499758,41526.5,0.563941266,0.436058734,41552.55,0.411951559,0.588048441,41541.22,0.462113185,0.537886815,41548
2022/2/7 6:02:58,0.115409142,0.884590858,41526.5,0.713212116,0.286787884,41552.07,0.439571379,0.560428621,41541.22,0.451260778,0.548739222,41548
2022/2/7 6:03:05,0.123567311,0.876432689,41526.5,0.385093763,0.614906237,41550.34,0.429026311,0.570973689,41541.22,0.429322416,0.570677584,41551
2022/2/7 6:03:13,0.120586594,0.879413406,41526.5,0.489618689,0.510381311,41550.35,0.439878435,0.560121565,41542.76,0.507955179,0.492044821,41552
2022/2/7 6:03:21,0.159557506,0.840442494,41526.5,0.684998634,0.315001366,41545.41,0.498609424,0.501390576,41548.53,0.365158379,0.634841621,41544
2022/2/7 6:03:29,0.230284217,0.769715783,41526,0.690562561,0.309437439,41541.37,0.416296013,0.583703987,41548.53,0.480344108,0.519655892,41544
2022/2/7 6:03:36,0.25651457,0.74348543,41526.5,0.975371244,0.024628756,41541.37,0.419893622,0.580106378,41548.53,0.467983756,0.532016244,41544
2022/2/7 6:03:44,0.241064101,0.758935899,41526.5,0.117541122,0.882458878,41540.24,0.429887931,0.570112069,41548.53,0.326663815,0.673336185,41544
2022/2/7 6:03:52,0.665766277,0.334233723,41526,0.962960126,0.037039874,41536.19,0.680474812,0.319525188,41532.53,0.694996439,0.305003561,41532
2022/2/7 6:03:59,0.62984176,0.37015824,41526,0.96914065,0.03085935,41537.08,0.579646001,0.420353999,41532.53,0.631202583,0.368797417,41532
2022/2/7 6:04:06,0.633001253,0.366998747,41526.5,0.977366931,0.022633069,41536.19,0.589010416,0.410989584,41532.53,0.551706151,0.448293849,41532
2022/2/7 6:04:14,0.672755774,0.327244226,41526.5,0.774445324,0.225554676,41530.92,0.576132146,0.423867854,41532.53,0.574776457,0.425223543,41532
2022/2/7 6:04:21,0.670976013,0.329023987,41526,0.948217368,0.051782632,41530.37,0.538443474,0.461556526,41525.02,0.623150355,0.376849645,41532
2022/2/7 6:04:29,0.757664945,0.242335055,41526,0.457691507,0.542308493,41523.76,0.49903044,0.50096956,41525.02,0.589758697,0.410241303,41536
2022/2/7 6:04:38,0.741482542,0.258517458,41526.5,0.873251386,0.126748614,41523,0.500027876,0.499972124,41525.02,0.538913978,0.461086022,41527
2022/2/7 6:04:45,0.743583586,0.256416414,41526.5,0.956603052,0.043396948,41521.75,0.443008866,0.556991134,41525.02,0.508418043,0.491581957,41528
2022/2/7 6:04:52,0.815946307,0.184053693,41526.5,0.806037963,0.193962037,41521.9,0.50236091,0.49763909,41525.02,0.623499377,0.376500623,41528
2022/2/7 6:05:00,0.801478353,0.198521647,41526,0.983513489,0.016486511,41521.89,0.510282441,0.489717559,41525.02,0.523677801,0.476322199,41527
2022/2/7 6:05:08,0.200391833,0.799608167,41526,0.446107591,0.553892409,41548.31,0.53430945,0.46569055,41544.32,0.686837442,0.313162558,41527
2022/2/7 6:05:15,0.202705872,0.797294128,41526.5,0.403657657,0.596342343,41549.9,0.536672177,0.463327823,41544.32,0.6021377,0.3978623,41551
2022/2/7 6:05:22,0.090110582,0.909889418,41526.5,0.683379017,0.316620983,41555.52,0.459662614,0.540337386,41544.32,0.535019145,0.464980855,41558
2022/2/7 6:05:29,0.096438162,0.903561838,41526,0.453350266,0.546649734,41556.9,0.460189674,0.539810326,41544.32,0.584100958,0.415899042,41558
2022/2/7 6:05:37,0.092295385,0.907704615,41526,0.481837666,0.518162334,41557.57,0.516453814,0.483546186,41544.32,0.332282415,0.667717585,41559
2022/2/7 6:05:44,0.149086571,0.850913429,41540,0.155212133,0.844787867,41566.57,0.537859777,0.462140223,41544.32,0.48406948,0.51593052,41565
2022/2/7 6:05:52,0.062996025,0.937003975,41540,0.114689521,0.885310479,41568.6,0.60790713,0.39209287,41544.32,0.523618992,0.476381008,41565
2022/2/7 6:05:59,0.24926219,0.75073781,41553,0.174238282,0.825761718,41576.46,0.513543202,0.486456798,41544.32,0.311495752,0.688504248,41576
2022/2/7 6:06:06,0.411833841,0.588166159,41553.5,0.187585293,0.812414707,41568.6,0.511094343,0.488905657,41565.28,0.346240799,0.653759201,41568
2022/2/7 6:06:13,0.424943037,0.575056963,41553,0.220082781,0.779917219,41568.59,0.514911433,0.485088567,41565.28,0.347605143,0.652394857,41568
2022/2/7 6:06:20,0.574703981,0.425296019,41553.5,0.607390672,0.392609328,41566.5,0.507825786,0.492174214,41557.04,0.467402513,0.532597487,41564
2022/2/7 6:06:27,0.56691884,0.43308116,41553.5,0.198167346,0.801832654,41566.5,0.499037182,0.500962818,41557.04,0.264427492,0.735572508,41565
2022/2/7 6:06:35,0.429230881,0.570769119,41553.5,0.157602194,0.842397806,41573.02,0.540791553,0.459208447,41557.04,0.570669746,0.429330254,41568
2022/2/7 6:06:42,0.295194169,0.704805831,41553.5,0.213364265,0.786635735,41580,0.516664663,0.483335337,41568.95,0.38640237,0.61359763,41583
2022/2/7 6:06:50,0.498644325,0.501355675,41580.5,0.884798905,0.115201095,41593.71,0.507238916,0.492761084,41591.72,0.529278339,0.470721661,41597
2022/2/7 6:06:57,0.667470265,0.332529735,41580.5,0.569894749,0.430105251,41591.08,0.507006544,0.492993456,41591.72,0.510115541,0.489884459,41592
2022/2/7 6:07:06,0.688854668,0.311145332,41581,0.520106247,0.479893753,41589,0.482994711,0.517005289,41594.19,0.522125799,0.477874201,41591
2022/2/7 6:07:13,0.602955601,0.397044399,41580.5,0.419269735,0.580730265,41594.14,0.575275028,0.424724972,41594.19,0.524390131,0.475609869,41591
2022/2/7 6:07:20,0.695322878,0.304677122,41580.5,0.73595282,0.26404718,41589.02,0.417974553,0.582025447,41594.19,0.538761468,0.461238532,41592
2022/2/7 6:07:29,0.645815011,0.354184989,41580.5,0.71660627,0.28339373,41592.39,0.445695277,0.554304723,41598.13,0.525260659,0.474739341,41592
2022/2/7 6:07:36,0.669945782,0.330054218,41580.5,0.392688346,0.607311654,41589,0.47599656,0.52400344,41598.13,0.374793462,0.625206538,41597
2022/2/7 6:07:44,0.67025379,0.32974621,41580.5,0.5194233,0.4805767,41592.42,0.384955846,0.615044154,41598.13,0.287218915,0.712781085,41597
2022/2/7 6:07:51,0.482321984,0.517678016,41581,0.70476326,0.29523674,41595.16,0.436741836,0.563258164,41598.13,0.692542716,0.307457284,41600
2022/2/7 6:07:58,0.197394346,0.802605654,41581,0.3593266,0.6406734,41636.89,0.475812391,0.524187609,41638.58,0.268776946,0.731223054,41644
2022/2/7 6:08:05,0.296116178,0.703883822,41610,0.686404008,0.313595992,41636.14,0.43229647,0.56770353,41631.58,0.470728166,0.529271834,41631
2022/2/7 6:08:12,0.765011566,0.234988434,41604,0.577671554,0.422328446,41611.34,0.36306441,0.63693559,41624.21,0.566392897,0.433607103,41615
2022/2/7 6:08:20,0.814535073,0.185464927,41604,0.545361443,0.454638557,41627.7,0.436383111,0.563616889,41624.66,0.268268922,0.731731078,41634
2022/2/7 6:08:27,0.861810824,0.138189176,41604,0.052884008,0.947115992,41611.77,0.463276037,0.536723963,41624.66,0.759846866,0.240153134,41634
2022/2/7 6:08:34,0.712444234,0.287555766,41604,0.819419417,0.180580583,41618.97,0.381959083,0.618040917,41624.66,0.622091096,0.377908904,41626
2022/2/7 6:08:41,0.750814803,0.249185197,41604,0.494910264,0.505089736,41614.05,0.404165281,0.595834719,41624.66,0.522499292,0.477500708,41626
2022/2/7 6:08:49,0.663411182,0.336588818,41604,0.559934188,0.440065812,41618.95,0.482515122,0.517484878,41624.66,0.65296373,0.34703627,41622
2022/2/7 6:08:56,0.778831672,0.221168328,41604,0.884627462,0.115372538,41618.95,0.545955844,0.454044156,41624.66,0.617310287,0.382689713,41622
2022/2/7 6:09:03,0.726784554,0.273215446,41604,0.900031192,0.099968808,41618.94,0.461513631,0.538486369,41624.66,0.622276845,0.377723155,41622
2022/2/7 6:09:12,0.822393178,0.177606822,41604,0.797543886,0.202456114,41616,0.403664728,0.596335272,41624.66,0.573599928,0.426400072,41622
2022/2/7 6:09:19,0.869812165,0.130187835,41602,0.945920266,0.054079734,41615.99,0.506830471,0.493169529,41624.66,0.670273002,0.329726998,41616
2022/2/7 6:09:27,0.955800964,0.044199036,41600,0.465225471,0.534774529,41604.01,0.395001399,0.604998601,41624.66,0.622311508,0.377688492,41614
2022/2/7 6:09:34,0.919288305,0.080711695,41587,0.470712685,0.529287315,41600.35,0.467973572,0.532026428,41624.66,0.51497154,0.48502846,41612
2022/2/7 6:09:41,0.801718359,0.198281641,41587,0.345424367,0.654575633,41600.36,0.496328556,0.503671444,41596.35,0.381677092,0.618322908,41605
2022/2/7 6:09:50,0.636558746,0.363441254,41587,0.304795758,0.695204242,41620.65,0.523620697,0.476379303,41624.08,0.659997425,0.340002575,41612
2022/2/7 6:09:58,0.186614179,0.813385821,41589,0.224997141,0.775002859,41612.74,0.600467865,0.399532135,41624.08,0.514525897,0.485474103,41633
2022/2/7 6:10:05,0.299491447,0.700508553,41599.5,0.608714672,0.391285328,41624.24,0.379804484,0.620195516,41629.11,0.548575888,0.451424112,41628
2022/2/7 6:10:13,0.457729174,0.542270826,41600,0.648093693,0.351906307,41615.16,0.363127099,0.636872901,41629.11,0.538537621,0.461462379,41623
2022/2/7 6:10:20,0.849499343,0.150500657,41599.5,0.477825004,0.522174996,41608.57,0.40694634,0.59305366,41629.11,0.596668819,0.403331181,41620
2022/2/7 6:10:27,0.883955804,0.116044196,41600,0.666993835,0.333006165,41608.57,0.41460305,0.58539695,41629.11,0.488026584,0.511973416,41620
2022/2/7 6:10:35,0.952887258,0.047112742,41599.5,0.59292682,0.40707318,41606.13,0.434838134,0.565161866,41629.11,0.475460971,0.524539029,41620
2022/2/7 6:10:42,0.875925926,0.124074074,41599.5,0.338631005,0.661368995,41611.28,0.453410823,0.546589177,41607.07,0.435458426,0.564541574,41620
2022/2/7 6:10:49,0.867015558,0.132984442,41600,0.226994442,0.773005558,41610.97,0.408482235,0.591517765,41607.07,0.595466747,0.404533253,41620
2022/2/7 6:10:56,0.880961006,0.119038994,41599.5,0.302791127,0.697208873,41611.28,0.421974968,0.578025032,41607.07,0.601335335,0.398664665,41620
2022/2/7 6:11:04,0.921874421,0.078125579,41599.5,0.784541364,0.215458636,41611.28,0.472677426,0.527322574,41607.07,0.426148424,0.573851576,41620
2022/2/7 6:11:12,0.924086899,0.075913101,41600,0.466557626,0.533442374,41603.88,0.355285992,0.644714008,41607.07,0.556772304,0.443227696,41620
2022/2/7 6:11:19,0.94574008,0.05425992,41599.5,0.676725459,0.323274541,41606.1,0.425561945,0.574438055,41618,0.554514788,0.445485212,41610
2022/2/7 6:11:26,0.839776824,0.160223176,41600,0.182874168,0.817125832,41611.07,0.512857239,0.487142761,41599.85,0.517523676,0.482476324,41611
2022/2/7 6:11:33,0.911905734,0.088094266,41600,0.061412393,0.938587607,41611.07,0.504756362,0.495243638,41599.85,0.49443874,0.50556126,41611
2022/2/7 6:11:40,0.913981018,0.086018982,41599.5,0.38691642,0.61308358,41611.06,0.486641368,0.513358632,41599.85,0.540032821,0.459967179,41611
2022/2/7 6:11:48,0.929141264,0.070858736,41600,0.484621293,0.515378707,41606.9,0.423510131,0.576489869,41599.85,0.513945044,0.486054956,41611
2022/2/7 6:11:55,0.9186848,0.0813152,41588.5,0.719426662,0.280573338,41601.02,0.464011241,0.535988759,41599.85,0.26491505,0.73508495,41609
2022/2/7 6:12:03,0.874743965,0.125256035,41584,0.694592699,0.305407301,41600,0.378853144,0.621146856,41599.85,0.548946877,0.451053123,41603
2022/2/7 6:12:10,0.968633347,0.031366653,41584.5,0.926833622,0.073166378,41595.16,0.502373843,0.497626157,41587.59,0.634151232,0.365848768,41602
2022/2/7 6:12:18,0.962255398,0.037744602,41584,0.838190827,0.161809173,41595.12,0.487688061,0.512311939,41603.02,0.463238326,0.536761674,41596
2022/2/7 6:12:25,0.887581012,0.112418988,41584,0.344949467,0.655050533,41593.05,0.457140336,0.542859664,41603.02,0.612461748,0.387538252,41596
2022/2/7 6:12:32,0.897401123,0.102598877,41584,0.5856727,0.4143273,41595.67,0.492942094,0.507057906,41603.02,0.562036607,0.437963393,41596
2022/2/7 6:12:39,0.86026908,0.13973092,41584.5,0.153597153,0.846402847,41595.67,0.605352337,0.394647663,41603.02,0.487179259,0.512820741,41607
2022/2/7 6:12:46,0.580243514,0.419756486,41584.5,0.721820884,0.278179116,41609.98,0.36223683,0.63776317,41603.02,0.56553819,0.43446181,41612
2022/2/7 6:12:53,0.576718637,0.423281363,41584,0.429920281,0.570079719,41606.87,0.475932207,0.524067793,41603.02,0.479669186,0.520330814,41612
2022/2/7 6:13:00,0.458802165,0.541197835,41584,0.341081436,0.658918564,41609.98,0.482984573,0.517015427,41603.02,0.428706106,0.571293894,41612
2022/2/7 6:13:07,0.547139766,0.452860234,41584.5,0.419170752,0.580829248,41603.51,0.477856397,0.522143603,41603.02,0.499978426,0.500021574,41612
2022/2/7 6:13:16,0.524761636,0.475238364,41584.5,0.194632054,0.805367946,41609.97,0.467938276,0.532061724,41598.16,0.56014709,0.43985291,41610
2022/2/7 6:13:24,0.911974411,0.088025589,41584,0.843788473,0.156211527,41595.69,0.456413611,0.543586389,41598.16,0.431922736,0.568077264,41607
2022/2/7 6:13:31,0.883840536,0.116159464,41583.5,0.724887215,0.275112785,41596.97,0.466862985,0.533137015,41598.16,0.544844135,0.455155865,41607
2022/2/7 6:13:38,0.992679392,0.007320608,41583.5,0.913394937,0.086605063,41592.97,0.399415909,0.600584091,41598.16,0.520607054,0.479392946,41594
2022/2/7 6:13:45,0.927845586,0.072154414,41584,0.222934431,0.777065569,41593.29,0.603561143,0.396438857,41598.16,0.496005422,0.503994578,41594
2022/2/7 6:13:53,0.921096801,0.078903199,41583.5,0.375755051,0.624244949,41594.99,0.369729433,0.630270567,41598.16,0.565939482,0.434060518,41593
2022/2/7 6:14:00,0.951786143,0.048213857,41583.5,0.550556148,0.449443852,41593.29,0.355019009,0.644980991,41598.16,0.558516078,0.441483922,41593
2022/2/7 6:14:08,0.915527587,0.084472413,41583,0.229881292,0.770118708,41594.98,0.350495319,0.649504681,41598.16,0.368328713,0.631671287,41593
2022/2/7 6:14:16,0.688410993,0.311589007,41579,0.116947982,0.883052018,41596.95,0.361247386,0.638752614,41614.21,0.361824998,0.638175002,41599
2022/2/7 6:14:24,0.652712786,0.347287214,41579.5,0.408188111,0.591811889,41602.65,0.422792369,0.577207631,41597.99,0.706211607,0.293788393,41606
2022/2/7 6:14:31,0.664684543,0.335315457,41579.5,0.335087357,0.664912643,41602.64,0.510710974,0.489289026,41597.99,0.821297887,0.178702113,41605
2022/2/7 6:14:39,0.145265715,0.854734285,41579.5,0.626629312,0.373370688,41612.99,0.375920044,0.624079956,41597.99,0.590706302,0.409293698,41616
2022/2/7 6:14:46,0.200138757,0.799861243,41579,0.324038414,0.675961586,41611.73,0.382121365,0.617878635,41597.99,0.560491367,0.439508633,41616
2022/2/7 6:14:53,0.241678194,0.758321806,41579,0.208505907,0.791494093,41611.73,0.495317705,0.504682295,41597.99,0.593187986,0.406812014,41618
2022/2/7 6:15:01,0.261455305,0.738544695,41579,0.287644423,0.712355577,41612.82,0.485280225,0.514719775,41597.99,0.57603959,0.42396041,41618
2022/2/7 6:15:08,0.393966058,0.606033942,41579,0.196019314,0.803980686,41612.81,0.373517913,0.626482087,41597.99,0.566516869,0.433483131,41611
2022/2/7 6:15:17,0.217208223,0.782791777,41579,0.464146495,0.535853505,41614.23,0.453653644,0.546346356,41597.99,0.462327376,0.537672624,41618
2022/2/7 6:15:24,0.233651427,0.766348573,41600,0.83193296,0.16806704,41628.95,0.364360348,0.635639652,41597.99,0.586070556,0.413929444,41639
2022/2/7 6:15:32,0.085157309,0.914842691,41599.5,0.849477177,0.150522823,41633.4,0.410838977,0.589161023,41641.79,0.506301658,0.493698342,41645
2022/2/7 6:15:39,0.222566834,0.777433166,41600,0.924709302,0.075290698,41634.44,0.363124688,0.636875312,41646.59,0.381940948,0.618059052,41640
2022/2/7 6:15:47,0.192792566,0.807207434,41600,0.53685489,0.46314511,41633.01,0.41654325,0.58345675,41646.59,0.31967978,0.68032022,41638
2022/2/7 6:15:54,0.175132733,0.824867267,41599.5,0.290723631,0.709276369,41634.04,0.408803437,0.591196563,41626.17,0.423299346,0.576700654,41637
2022/2/7 6:16:02,0.255157117,0.744842883,41600,0.368543925,0.631456075,41629.38,0.39973481,0.60026519,41626.17,0.448919131,0.551080869,41634
2022/2/7 6:16:09,0.556070488,0.443929512,41599.5,0.270135961,0.729864039,41622.85,0.413610533,0.586389467,41626.17,0.502743548,0.497256452,41630
2022/2/7 6:16:16,0.518438434,0.481561566,41599.5,0.256479024,0.743520976,41624.01,0.43767744,0.56232256,41626.17,0.444411846,0.555588154,41627
2022/2/7 6:16:23,0.471995041,0.528004959,41599.5,0.438567553,0.561432447,41630.15,0.46727095,0.53272905,41626.17,0.490526839,0.509473161,41630
2022/2/7 6:16:30,0.473116874,0.526883126,41600,0.881606167,0.118393833,41630.12,0.446121559,0.553878441,41626.17,0.591051215,0.408948785,41633
2022/2/7 6:16:37,0.525152857,0.474847143,41599.5,0.760714469,0.239285531,41628.53,0.515541597,0.484458403,41626.17,0.43226248,0.56773752,41632
2022/2/7 6:16:45,0.577546901,0.422453099,41600,0.497476251,0.502523749,41620.09,0.453763213,0.546236787,41626.17,0.494826659,0.505173341,41632
2022/2/7 6:16:52,0.618980547,0.381019453,41599.5,0.366469612,0.633530388,41616.51,0.336807281,0.663192719,41626.17,0.566242763,0.433757237,41626
2022/2/7 6:16:59,0.589873048,0.410126952,41599.5,0.514170684,0.485829316,41616.54,0.338237837,0.661762163,41626.17,0.510857638,0.489142362,41626
2022/2/7 6:17:07,0.601546129,0.398453871,41599.5,0.588804935,0.411195065,41616.54,0.419402691,0.580597309,41626.17,0.523176754,0.476823246,41622
2022/2/7 6:17:15,0.609215791,0.390784209,41600,0.214746245,0.785253755,41618.17,0.529919074,0.470080926,41626.17,0.496321661,0.503678339,41618
2022/2/7 6:17:22,0.69553677,0.30446323,41599.5,0.593071391,0.406928609,41612.06,0.371930887,0.628069113,41626.17,0.545112984,0.454887016,41618
2022/2/7 6:17:29,0.986641258,0.013358742,41596,0.339664673,0.660335327,41602.77,0.461663108,0.538336892,41626.17,0.604328135,0.395671865,41614
2022/2/7 6:17:37,0.714353695,0.285646305,41582.5,0.192375352,0.807624648,41603.74,0.548194567,0.451805433,41626.17,0.587991995,0.412008005,41605
2022/2/7 6:17:45,0.715445474,0.284554526,41582.5,0.16307104,0.83692896,41603.74,0.416054013,0.583945987,41626.17,0.602108824,0.397891176,41606
2022/2/7 6:17:52,0.714649335,0.285350665,41582,0.646912174,0.353087826,41605.44,0.467084221,0.532915779,41626.17,0.586882816,0.413117184,41606
2022/2/7 6:18:00,0.708524134,0.291475866,41582,0.632320642,0.367679358,41604.62,0.460838572,0.539161428,41614.02,0.595671417,0.404328583,41606
2022/2/7 6:18:08,0.713290182,0.286709818,41582,0.169547316,0.830452684,41604.99,0.510381816,0.489618184,41614.02,0.599911583,0.400088417,41610
2022/2/7 6:18:16,0.695022761,0.304977239,41582.5,0.676672636,0.323327364,41605,0.465591908,0.534408092,41614.02,0.584651626,0.415348374,41610
2022/2/7 6:18:24,0.700922215,0.299077785,41582,0.898573104,0.101426896,41605.01,0.466721856,0.533278144,41614.02,0.468357203,0.531642797,41611
2022/2/7 6:18:32,0.637506739,0.362493261,41582,0.798536072,0.201463928,41607.25,0.460312276,0.539687724,41596.53,0.591781384,0.408218616,41611
2022/2/7 6:18:40,0.680589219,0.319410781,41582.5,0.762143949,0.237856051,41607.25,0.420519052,0.579480948,41596.53,0.619285349,0.380714651,41611
2022/2/7 6:18:47,0.688549444,0.311450556,41582,0.727408107,0.272591893,41607.25,0.476290473,0.523709527,41596.53,0.62985656,0.37014344,41611
2022/2/7 6:18:54,0.288143738,0.711856262,41596.5,0.499324265,0.500675735,41622.62,0.432436016,0.567563984,41626.17,0.523233883,0.476766117,41629
2022/2/7 6:19:01,0.307431276,0.692568724,41596.5,0.795127871,0.204872129,41622.61,0.445192609,0.554807391,41626.17,0.558046679,0.441953321,41629
2022/2/7 6:19:08,0.721332352,0.278667648,41596,0.721615715,0.278384285,41611.43,0.495874743,0.504125257,41626.17,0.543079517,0.456920483,41619
2022/2/7 6:19:15,0.87095007,0.12904993,41596.5,0.842738717,0.157261283,41608.5,0.507166274,0.492833726,41626.17,0.607733346,0.392266654,41612
2022/2/7 6:19:23,0.952806989,0.047193011,41596,0.851180978,0.148819022,41607.26,0.518783831,0.481216169,41626.17,0.413778817,0.586221183,41610
2022/2/7 6:19:30,0.957105465,0.042894535,41596.5,0.954724795,0.045275205,41606.63,0.491146412,0.508853588,41626.17,0.581102745,0.418897255,41610
2022/2/7 6:19:37,0.968238343,0.031761657,41596,0.393929528,0.606070472,41604.52,0.470733751,0.529266249,41626.17,0.560324404,0.439675596,41612
2022/2/7 6:19:46,0.899600491,0.100399509,41596.5,0.107001688,0.892998312,41606.61,0.511820822,0.488179178,41626.17,0.350488774,0.649511226,41613
2022/2/7 6:19:53,0.909944766,0.090055234,41596,0.340318299,0.659681701,41606.62,0.517759496,0.482240504,41626.17,0.546175605,0.453824395,41613
2022/2/7 6:20:00,0.906905652,0.093094348,41596,0.530721028,0.469278972,41605.13,0.537585757,0.462414243,41626.17,0.534755026,0.465244974,41616
2022/2/7 6:20:07,0.952192995,0.047807005,41596,0.43869976,0.56130024,41606.62,0.502670717,0.497329283,41626.17,0.487347969,0.512652031,41615
2022/2/7 6:20:14,0.940590583,0.059409417,41596,0.748067478,0.251932522,41606.61,0.503300901,0.496699099,41626.17,0.489904789,0.510095211,41616
2022/2/7 6:20:21,0.954172611,0.045827389,41596,0.486760098,0.513239902,41605.12,0.507247127,0.492752873,41626.17,0.621957523,0.378042477,41615
2022/2/7 6:20:28,0.949227394,0.050772606,41596.5,0.381556121,0.618443879,41606.16,0.507247127,0.492752873,41626.17,0.608887595,0.391112405,41615
2022/2/7 6:20:36,0.913699371,0.086300629,41596.5,0.46085771,0.53914229,41607.26,0.502111865,0.497888135,41617.14,0.378831339,0.621168661,41615
2022/2/7 6:20:43,0.937745508,0.062254492,41596,0.184202646,0.815797354,41607.25,0.501492246,0.498507754,41617.14,0.386695982,0.613304018,41615
2022/2/7 6:20:50,0.953711309,0.046288691,41596,0.718651001,0.281348999,41606.91,0.513579166,0.486420834,41617.14,0.443973081,0.556026919,41615
2022/2/7 6:20:57,0.936566761,0.063433239,41596.5,0.487110331,0.512889669,41606.91,0.49958083,0.50041917,41617.14,0.403472149,0.596527851,41613
2022/2/7 6:21:04,0.939922376,0.060077624,41596,0.751309283,0.248690717,41605.14,0.515451764,0.484548236,41617.14,0.420657973,0.579342027,41613
2022/2/7 6:21:11,0.94161451,0.05838549,41596,0.849050184,0.150949816,41605.12,0.480552036,0.519447964,41617.14,0.625060284,0.374939716,41613
2022/2/7 6:21:18,0.960293047,0.039706953,41596.5,0.843742174,0.156257826,41605.13,0.486032297,0.513967703,41603.56,0.490029131,0.509970869,41613
2022/2/7 6:21:25,0.959250248,0.040749752,41596,0.756707467,0.243292533,41605.12,0.512681755,0.487318245,41603.56,0.59227684,0.40772316,41613
2022/2/7 6:21:32,0.966545707,0.033454293,41596.5,0.889251353,0.110748647,41605.13,0.507809841,0.492190159,41603.56,0.587921068,0.412078932,41613
2022/2/7 6:21:39,0.924625,0.075375,41596.5,0.820709,0.179291,41605.13,0.50992131,0.49007869,41603.56,0.536906928,0.463093072,41613
2022/2/7 6:21:46,0.930452938,0.069547062,41596.5,0.831625777,0.168374223,41605.13,0.487140757,0.512859243,41603.56,0.54353801,0.45646199,41613
2022/2/7 6:21:53,0.915354694,0.084645306,41596,0.675934614,0.324065386,41605.13,0.514666259,0.485333741,41603.56,0.550214208,0.449785792,41613
2022/2/7 6:22:00,0.935018879,0.064981121,41596.5,0.70184765,0.29815235,41605.13,0.508545404,0.491454596,41603.56,0.541920331,0.458079669,41614
2022/2/7 6:22:08,0.964376885,0.035623115,41596,0.590905894,0.409094106,41605.13,0.489066165,0.510933835,41603.56,0.542568662,0.457431338,41614
2022/2/7 6:22:15,0.812181312,0.187818688,41590.5,0.77488837,0.22511163,41605.13,0.496984849,0.503015151,41603.56,0.477695374,0.522304626,41614
2022/2/7 6:22:22,0.957889113,0.042110887,41590.5,0.347064698,0.652935302,41601.01,0.511241604,0.488758396,41615.04,0.6154157,0.3845843,41609
2022/2/7 6:22:31,0.916465863,0.083534137,41583.5,0.532706888,0.467293112,41600,0.446768349,0.553231651,41615.04,0.588057188,0.411942812,41604
2022/2/7 6:22:38,0.843827272,0.156172728,41583.5,0.514584451,0.485415549,41600.01,0.424958344,0.575041656,41615.04,0.572124641,0.427875359,41604
2022/2/7 6:22:45,0.843300928,0.156699072,41583.5,0.280361871,0.719638129,41600,0.422815583,0.577184417,41615.04,0.483604415,0.516395585,41603
2022/2/7 6:22:54,0.845023898,0.154976102,41583.5,0.556348831,0.443651169,41600,0.434900293,0.565099707,41615.04,0.47267702,0.52732298,41603
2022/2/7 6:23:02,0.87222506,0.12777494,41583.5,0.466299383,0.533700617,41600.01,0.436834084,0.563165916,41615.04,0.47297599,0.52702401,41603
2022/2/7 6:23:09,0.85030771,0.14969229,41584,0.332337482,0.667662518,41600.01,0.424903194,0.575096806,41615.04,0.293162113,0.706837887,41603
2022/2/7 6:23:16,0.894647598,0.105352402,41583.5,0.828863149,0.171136851,41599.94,0.411206296,0.588793704,41615.04,0.243320723,0.756679277,41603
2022/2/7 6:23:23,0.974944827,0.025055173,41584,0.861658464,0.138341536,41594.02,0.490967843,0.509032157,41607.76,0.541809417,0.458190583,41600
2022/2/7 6:23:31,0.978068354,0.021931646,41583.5,0.546405125,0.453594875,41589.52,0.488792552,0.511207448,41607.76,0.546390905,0.453609095,41600
2022/2/7 6:23:38,0.872539271,0.127460729,41575,0.357577754,0.642422246,41587.56,0.526181028,0.473818972,41607.76,0.6011888,0.3988112,41597
2022/2/7 6:23:45,0.880122543,0.119877457,41575,0.443181417,0.556818583,41587.57,0.471520146,0.528479854,41607.76,0.369003265,0.630996735,41597
2022/2/7 6:23:52,0.964916456,0.035083544,41562.5,0.973793628,0.026206372,41573.43,0.557798783,0.442201217,41582.87,0.625133541,0.374866459,41578
2022/2/7 6:24:00,0.920008227,0.079991773,41558,0.894995536,0.105004464,41570.47,0.636707215,0.363292785,41582.87,0.646945164,0.353054836,41578
2022/2/7 6:24:07,0.894713283,0.105286717,41558,0.383199165,0.616800835,41572.52,0.618870251,0.381129749,41582.87,0.667513256,0.332486744,41576
2022/2/7 6:24:14,0.874453417,0.125546583,41557,0.651719003,0.348280997,41569.65,0.613775621,0.386224379,41582.87,0.574186419,0.425813581,41577
2022/2/7 6:24:21,0.830160785,0.169839215,41557,0.232062896,0.767937104,41571.84,0.608774434,0.391225566,41582.87,0.613732859,0.386267141,41577
2022/2/7 6:24:29,0.652477074,0.347522926,41557.5,0.689900716,0.310099284,41576.25,0.651664199,0.348335801,41567.77,0.609665615,0.390334385,41581
2022/2/7 6:24:36,0.43421583,0.56578417,41557.5,0.072440094,0.927559906,41585.68,0.545328932,0.454671068,41567.77,0.601125344,0.398874656,41591
2022/2/7 6:24:43,0.428304306,0.571695694,41557.5,0.425585756,0.574414244,41587,0.571695399,0.428304601,41567.77,0.403206217,0.596793783,41591
2022/2/7 6:24:50,0.436417735,0.563582265,41557,0.952187822,0.047812178,41586.96,0.577671971,0.422328029,41567.77,0.588829954,0.411170046,41591
2022/2/7 6:24:57,0.448925786,0.551074214,41557.5,0.563965188,0.436034812,41584.38,0.577677046,0.422322954,41567.77,0.588842232,0.411157768,41591
2022/2/7 6:25:06,0.478354865,0.521645135,41557.5,0.811794096,0.188205904,41584.39,0.549074689,0.450925311,41567.77,0.627180652,0.372819348,41591
2022/2/7 6:25:14,0.476743705,0.523256295,41557.5,0.708313628,0.291686372,41584.38,0.549073049,0.450926951,41567.77,0.622312673,0.377687327,41591
2022/2/7 6:25:21,0.504002816,0.495997184,41557,0.736406117,0.263593883,41584.15,0.548170583,0.451829417,41567.77,0.535460633,0.464539367,41590
2022/2/7 6:25:29,0.105307409,0.894692591,41557.5,0.571443547,0.428556453,41595.67,0.52753637,0.47246363,41567.77,0.543864889,0.456135111,41600
2022/2/7 6:25:36,0.089444934,0.910555066,41557.5,0.549002092,0.450997908,41590.94,0.522713006,0.477286994,41567.77,0.502909372,0.497090628,41600
2022/2/7 6:25:44,0.174950479,0.825049521,41557.5,0.785782983,0.214217017,41590.93,0.545818433,0.454181567,41567.77,0.574771596,0.425228404,41599
2022/2/7 6:25:52,0.278256724,0.721743276,41557,0.469273765,0.530726235,41587.98,0.550884539,0.449115461,41567.77,0.4771261,0.5228739,41599
2022/2/7 6:25:59,0.293499902,0.706500098,41557.5,0.71982962,0.28017038,41587.98,0.551029955,0.448970045,41567.77,0.538605098,0.461394902,41595
2022/2/7 6:26:07,0.236843219,0.763156781,41557,0.533459858,0.466540142,41589.73,0.542883162,0.457116838,41567.77,0.566679753,0.433320247,41595
2022/2/7 6:26:14,0.189094909,0.810905091,41557.5,0.603608023,0.396391977,41595.06,0.53655959,0.46344041,41567.77,0.517834847,0.482165153,41597
2022/2/7 6:26:21,0.217685199,0.782314801,41557.5,0.431354743,0.568645257,41591.12,0.613829762,0.386170238,41567.77,0.458999542,0.541000458,41597
2022/2/7 6:26:28,0.20411678,0.79588322,41557.5,0.774261603,0.225738397,41592.1,0.61359402,0.38640598,41600.53,0.521128686,0.478871314,41597
2022/2/7 6:26:35,0.306044336,0.693955664,41557,0.235067492,0.764932508,41583.32,0.586331169,0.413668831,41600.53,0.456970389,0.543029611,41591
2022/2/7 6:26:42,0.351602032,0.648397968,41557,0.28880897,0.71119103,41583.31,0.586331169,0.413668831,41600.53,0.388595504,0.611404496,41591
2022/2/7 6:26:49,0.347471585,0.652528415,41557.5,0.184313845,0.815686155,41583.57,0.611354713,0.388645287,41600.53,0.406602546,0.593397454,41592
2022/2/7 6:26:56,0.582685772,0.417314228,41557.5,0.407976495,0.592023505,41576.27,0.595185235,0.404814765,41600.53,0.392063106,0.607936894,41588
2022/2/7 6:27:04,0.585889851,0.414110149,41557.5,0.276822491,0.723177509,41576.26,0.576976946,0.423023054,41600.53,0.561213399,0.438786601,41588
2022/2/7 6:27:11,0.575298128,0.424701872,41557,0.215047815,0.784952185,41582.29,0.589091913,0.410908087,41600.53,0.520534384,0.479465616,41588
2022/2/7 6:27:18,0.542478867,0.457521133,41557.5,0.565450133,0.434549867,41585.64,0.583671928,0.416328072,41600.53,0.392432689,0.607567311,41586
2022/2/7 6:27:26,0.522886345,0.477113655,41557.5,0.483455329,0.516544671,41584.47,0.603366682,0.396633318,41600.53,0.326845384,0.673154616,41591
2022/2/7 6:27:33,0.565423299,0.434576701,41557,0.822701496,0.177298504,41581.87,0.613897111,0.386102889,41600.53,0.514244854,0.485755146,41591
2022/2/7 6:27:40,0.589928761,0.410071239,41557.5,0.254409125,0.745590875,41580.69,0.580117898,0.419882102,41600.53,0.486298776,0.513701224,41587
2022/2/7 6:27:48,0.645968734,0.354031266,41557,0.290546075,0.709453925,41576.28,0.565536931,0.434463069,41600.53,0.444652861,0.555347139,41586
2022/2/7 6:27:55,0.6633512,0.3366488,41557.5,0.712951168,0.287048832,41577.05,0.563546709,0.436453291,41600.53,0.565934411,0.434065589,41586
2022/2/7 6:28:02,0.668728228,0.331271772,41557,0.724076542,0.275923458,41573.61,0.588411673,0.411588327,41600.53,0.568065442,0.431934558,41586
2022/2/7 6:28:08,0.653952864,0.346047136,41557.5,0.123739919,0.876260081,41573.62,0.577145645,0.422854355,41600.53,0.566154588,0.433845412,41586
2022/2/7 6:28:16,0.660310186,0.339689814,41557,0.172596916,0.827403084,41576.28,0.584490481,0.415509519,41600.53,0.608459597,0.391540403,41584
2022/2/7 6:28:24,0.654697809,0.345302191,41557,0.830018061,0.169981939,41573.62,0.597104864,0.402895136,41600.53,0.656884027,0.343115973,41584
2022/2/7 6:28:32,0.693460838,0.306539162,41557,0.726997192,0.273002808,41576.32,0.592076164,0.407923836,41600.53,0.608987105,0.391012895,41584
2022/2/7 6:28:39,0.680118649,0.319881351,41557,0.087947831,0.912052169,41577.03,0.594944511,0.405055489,41583.81,0.618295087,0.381704913,41584
2022/2/7 6:28:46,0.653061795,0.346938205,41557.5,0.39068422,0.60931578,41579.85,0.582905795,0.417094205,41583.81,0.601765937,0.398234063,41585
2022/2/7 6:28:53,0.63884722,0.36115278,41557,0.070084758,0.929915242,41581.55,0.528288552,0.471711448,41583.81,0.425051553,0.574948447,41585
2022/2/7 6:29:01,0.252088476,0.747911524,41557.5,0.272850684,0.727149316,41592.09,0.593536168,0.406463832,41583.81,0.491311198,0.508688802,41591
2022/2/7 6:29:08,0.471493988,0.528506012,41572.5,0.504819527,0.495180473,41592.85,0.523056214,0.476943786,41583.81,0.448606774,0.551393226,41598
2022/2/7 6:29:15,0.606282583,0.393717417,41572.5,0.45053043,0.54946957,41586.14,0.565157798,0.434842202,41583.81,0.552984913,0.447015087,41598
2022/2/7 6:29:23,0.599757073,0.400242927,41573,0.613601789,0.386398211,41586.18,0.565157513,0.434842487,41583.81,0.566198006,0.433801994,41597
2022/2/7 6:29:30,0.583725332,0.416274668,41573,0.159335964,0.840664036,41589.98,0.479056668,0.520943332,41583.81,0.488876779,0.511123221,41597
2022/2/7 6:29:38,0.60111175,0.39888825,41573,0.409241117,0.590758883,41590,0.524457426,0.475542574,41583.81,0.441543269,0.558456731,41597
2022/2/7 6:29:45,0.620160053,0.379839947,41573,0.803789498,0.196210502,41586.19,0.584384594,0.415615406,41583.81,0.659678005,0.340321995,41598
2022/2/7 6:29:53,0.632542207,0.367457793,41573,0.920100244,0.079899756,41586.2,0.541005645,0.458994355,41583.81,0.484576122,0.515423878,41590
2022/2/7 6:30:00,0.647893229,0.352106771,41572.5,0.571019795,0.428980205,41582.3,0.539941409,0.460058591,41583.81,0.50098362,0.49901638,41590
2022/2/7 6:30:07,0.636687933,0.363312067,41572.5,0.25379113,0.74620887,41585.22,0.563272799,0.436727201,41583.81,0.670237092,0.329762908,41590
2022/2/7 6:30:14,0.41227926,0.58772074,41573,0.773152892,0.226847108,41598.27,0.531653515,0.468346485,41583.81,0.53044617,0.46955383,41604
2022/2/7 6:30:22,0.429638391,0.570361609,41573,0.903727563,0.096272437,41593.39,0.512822062,0.487177938,41583.81,0.326276521,0.673723479,41600
2022/2/7 6:30:30,0.514559404,0.485440596,41573,0.25486729,0.74513271,41594.51,0.679036425,0.320963575,41583.81,0.478386015,0.521613985,41600
2022/2/7 6:30:37,0.520158646,0.479841354,41573,0.314029224,0.685970776,41590.28,0.617220897,0.382779103,41601.29,0.569993002,0.430006998,41600
2022/2/7 6:30:44,0.515372138,0.484627862,41572.5,0.695597567,0.304402433,41593.04,0.601440015,0.398559985,41601.29,0.392542249,0.607457751,41593
2022/2/7 6:30:51,0.514022565,0.485977435,41573,0.791059564,0.208940436,41594.02,0.610911395,0.389088605,41601.29,0.590714354,0.409285646,41600
2022/2/7 6:30:59,0.510572495,0.489427505,41573,0.740002709,0.259997291,41597.17,0.610911395,0.389088605,41601.29,0.598224959,0.401775041,41600
2022/2/7 6:31:06,0.54532908,0.45467092,41572.5,0.34238463,0.65761537,41590.28,0.611249576,0.388750424,41601.29,0.581117822,0.418882178,41599
2022/2/7 6:31:13,0.535849531,0.464150469,41573,0.362211011,0.637788989,41590.28,0.62056707,0.37943293,41601.29,0.633397428,0.366602572,41599
2022/2/7 6:31:21,0.550333806,0.449666194,41573,0.676439202,0.323560798,41590.25,0.6095038,0.3904962,41601.29,0.622057486,0.377942514,41597
2022/2/7 6:31:28,0.506656411,0.493343589,41572.5,0.539402526,0.460597474,41590.26,0.606503606,0.393496394,41601.29,0.620207342,0.379792658,41597
2022/2/7 6:31:36,0.516833154,0.483166846,41572.5,0.422806505,0.577193495,41592.99,0.63475638,0.36524362,41601.29,0.621832902,0.378167098,41600
2022/2/7 6:31:44,0.517955174,0.482044826,41573,0.400004221,0.599995779,41592.99,0.624965083,0.375034917,41601.29,0.630918464,0.369081536,41600
2022/2/7 6:31:52,0.507756751,0.492243249,41573,0.394725664,0.605274336,41592.98,0.616578441,0.383421559,41601.29,0.580306699,0.419693301,41599
2022/2/7 6:31:59,0.506383683,0.493616317,41573,0.758850127,0.241149873,41596.86,0.616594616,0.383405384,41591.03,0.613097562,0.386902438,41604
2022/2/7 6:32:07,0.341696132,0.658303868,41572.5,0.21435318,0.78564682,41600.99,0.605691255,0.394308745,41591.03,0.555203416,0.444796584,41604
2022/2/7 6:32:14,0.372185476,0.627814524,41572.5,0.617701916,0.382298084,41600.99,0.589959825,0.410040175,41591.03,0.479045187,0.520954813,41604
2022/2/7 6:32:22,0.340918642,0.659081358,41573,0.965384431,0.034615569,41603.07,0.593445767,0.406554233,41591.03,0.555972388,0.444027612,41605
2022/2/7 6:32:29,0.343666484,0.656333516,41572.5,0.871336373,0.128663627,41603.03,0.575894334,0.424105666,41591.03,0.516292445,0.483707555,41608
2022/2/7 6:32:37,0.329070493,0.670929507,41573,0.17682405,0.82317595,41603.08,0.575894083,0.424105917,41591.03,0.364085972,0.635914028,41609
2022/2/7 6:32:45,0.079621918,0.920378082,41573,0.574991212,0.425008788,41616,0.582175057,0.417824943,41602.95,0.639818855,0.360181145,41621
2022/2/7 6:32:52,0.080523573,0.919476427,41579.5,0.682878676,0.317121324,41616.53,0.561781234,0.438218766,41602.95,0.683828681,0.316171319,41621
2022/2/7 6:32:59,0.154985334,0.845014666,41580,0.829164662,0.170835338,41616.53,0.500673897,0.499326103,41602.95,0.634685816,0.365314184,41621
2022/2/7 6:33:07,0.150068346,0.849931654,41580,0.644420117,0.355579883,41618.93,0.66077032,0.33922968,41602.95,0.60128149,0.39871851,41623
2022/2/7 6:33:14,0.143377169,0.856622831,41579.5,0.723381582,0.276618418,41618.92,0.596318167,0.403681833,41602.95,0.581009765,0.418990235,41623
2022/2/7 6:33:21,0.316646258,0.683353742,41580,0.972867624,0.027132376,41613.21,0.557344592,0.442655408,41602.95,0.582410553,0.417589447,41620
2022/2/7 6:33:29,0.382457706,0.617542294,41580,0.342439746,0.657560254,41608.35,0.538995001,0.461004999,41602.95,0.45252961,0.54747039,41615
2022/2/7 6:33:36,0.363435853,0.636564147,41580,0.509757852,0.490242148,41606.21,0.556723409,0.443276591,41602.95,0.301574282,0.698425718,41615
2022/2/7 6:33:44,0.373876713,0.626123287,41579.5,0.333212447,0.666787553,41606.47,0.543531552,0.456468448,41602.95,0.490376758,0.509623242,41615
2022/2/7 6:33:51,0.416273881,0.583726119,41580,0.738883367,0.261116633,41605.27,0.526628755,0.473371245,41602.49,0.61472135,0.38527865,41615
2022/2/7 6:33:58,0.40437144,0.59562856,41579.5,0.154460337,0.845539663,41606.47,0.597309572,0.402690428,41602.49,0.609781596,0.390218404,41614
2022/2/7 6:34:05,0.418706482,0.581293518,41580,0.701983145,0.298016855,41607.25,0.566779447,0.433220553,41602.49,0.617373169,0.382626831,41614
2022/2/7 6:34:12,0.411813295,0.588186705,41579.5,0.463235339,0.536764661,41607.26,0.541534969,0.458465031,41602.49,0.664002849,0.335997151,41614
2022/2/7 6:34:19,0.587877127,0.412122873,41580,0.691868346,0.308131654,41600.01,0.53494748,0.46505252,41602.49,0.504688741,0.495311259,41609
2022/2/7 6:34:27,0.587427364,0.412572636,41579.5,0.295304234,0.704695766,41599.69,0.560036141,0.439963859,41602.49,0.575339719,0.424660281,41605
2022/2/7 6:34:34,0.599910404,0.400089596,41580,0.293445942,0.706554058,41599.69,0.612257135,0.387742865,41602.49,0.567003714,0.432996286,41605
2022/2/7 6:34:41,0.699474195,0.300525805,41579.5,0.637380138,0.362619862,41601.77,0.616941097,0.383058903,41602.49,0.528580261,0.471419739,41605
2022/2/7 6:34:48,0.78803342,0.21196658,41579.5,0.691017323,0.308982677,41592.52,0.537919752,0.462080248,41602.49,0.330439815,0.669560185,41598
2022/2/7 6:34:56,0.800140881,0.199859119,41580,0.622456267,0.377543733,41592.53,0.541824641,0.458175359,41606.41,0.295744593,0.704255407,41600
2022/2/7 6:35:03,0.729973059,0.270026941,41580,0.388345199,0.611654801,41592.53,0.548077568,0.451922432,41606.41,0.382300885,0.617699115,41600
2022/2/7 6:42:42,0.722593823,0.277406177,41565.5,0.320761163,0.679238837,41585.25,0.63880085,0.36119915,41590.53,0.620239048,0.379760952,41587
2022/2/7 6:42:50,0.677303245,0.322696755,41565,0.131259139,0.868740861,41585,0.650673527,0.349326473,41592.6,0.374287747,0.625712253,41592
2022/2/7 6:42:57,0.665629874,0.334370126,41565,0.424385245,0.575614755,41585.25,0.637625629,0.362374371,41592.6,0.615256585,0.384743415,41590
2022/2/7 6:43:04,0.665454092,0.334545908,41565,0.368424681,0.631575319,41586.93,0.637656947,0.362343053,41592.6,0.570242152,0.429757848,41590
2022/2/7 6:43:11,0.703300299,0.296699701,41565,0.476081562,0.523918438,41584.3,0.532250995,0.467749005,41574.65,0.584843065,0.415156935,41590
2022/2/7 6:43:18,0.703533421,0.296466579,41565,0.86788903,0.13211097,41581.41,0.56314616,0.43685384,41574.65,0.614199619,0.385800381,41581
2022/2/7 6:43:26,0.751116061,0.248883939,41565,0.713715448,0.286284552,41578.98,0.604393097,0.395606903,41571.26,0.685773804,0.314226196,41587
2022/2/7 6:43:33,0.741526174,0.258473826,41565,0.805698382,0.194301618,41577.53,0.652524239,0.347475761,41571.26,0.625897742,0.374102258,41585
2022/2/7 6:43:40,0.713169798,0.286830202,41565,0.738439999,0.261560001,41578.98,0.635142883,0.364857117,41571.26,0.596214054,0.403785946,41583
2022/2/7 6:43:47,0.714649112,0.285350888,41565,0.808834165,0.191165835,41578.98,0.644475655,0.355524345,41571.26,0.584952208,0.415047792,41583
2022/2/7 6:43:54,0.719664364,0.280335636,41565,0.554929272,0.445070728,41578.98,0.65614005,0.34385995,41571.26,0.541097049,0.458902951,41583
2022/2/7 6:44:01,0.736042342,0.263957658,41565,0.808050631,0.191949369,41577.64,0.661680423,0.338319577,41571.26,0.541545463,0.458454537,41583
2022/2/7 6:44:08,0.748244436,0.251755564,41565.5,0.305268107,0.694731893,41578.98,0.673339701,0.326660299,41571.26,0.33557917,0.66442083,41583
2022/2/7 6:44:15,0.751730779,0.248269221,41565,0.75128269,0.24871731,41578.98,0.650925383,0.349074617,41571.26,0.527219177,0.472780823,41582
2022/2/7 6:44:22,0.72780726,0.27219274,41565,0.536589573,0.463410427,41578.98,0.666885973,0.333114027,41571.26,0.415107137,0.584892863,41583
2022/2/7 6:44:30,0.740396419,0.259603581,41565.5,0.583580555,0.416419445,41578.99,0.618897725,0.381102275,41571.26,0.56348171,0.43651829,41587
2022/2/7 6:44:38,0.739822713,0.260177287,41565.5,0.807429145,0.192570855,41578.98,0.648251023,0.351748977,41571.26,0.605912254,0.394087746,41586
2022/2/7 6:44:45,0.742722438,0.257277562,41565,0.618370076,0.381629924,41578.98,0.639264524,0.360735476,41587.49,0.553040063,0.446959937,41586
2022/2/7 6:44:53,0.756069716,0.243930284,41565.5,0.736035204,0.263964796,41578.98,0.641816781,0.358183219,41587.49,0.593149848,0.406850152,41586
2022/2/7 6:45:00,0.733962214,0.266037786,41565,0.520362946,0.479637054,41578.98,0.623398119,0.376601881,41587.49,0.538498394,0.461501606,41586
2022/2/7 6:45:07,0.806409275,0.193590725,41565.5,0.806472873,0.193527127,41577.84,0.632086581,0.367913419,41587.49,0.563700384,0.436299616,41586
2022/2/7 6:45:14,0.884372168,0.115627832,41565,0.241267869,0.758732131,41570,0.590689932,0.409310068,41587.49,0.72876841,0.27123159,41580
2022/2/7 6:45:21,0.995340719,0.004659281,41557.5,0.964046596,0.035953404,41561.08,0.566319685,0.433680315,41569.1,0.602501355,0.397498645,41567
2022/2/7 6:45:29,0.968455608,0.031544392,41555.5,0.806307899,0.193692101,41558.01,0.548630389,0.451369611,41569.1,0.70342032,0.29657968,41567
2022/2/7 6:45:36,0.977776131,0.022223869,41555.5,0.746282739,0.253717261,41557.58,0.526042309,0.473957691,41569.1,0.635700095,0.364299905,41564
2022/2/7 6:45:43,0.922488698,0.077511302,41542,0.764617239,0.235382761,41550,0.591314699,0.408685301,41569.1,0.586820122,0.413179878,41558
2022/2/7 6:45:51,0.871395514,0.128604486,41542,0.913682499,0.086317501,41549.05,0.567974457,0.432025543,41569.1,0.626842977,0.373157023,41556
2022/2/7 6:45:58,0.958897421,0.041102579,41542,0.573623988,0.426376012,41546.2,0.634306526,0.365693474,41569.1,0.572216925,0.427783075,41556
2022/2/7 6:46:05,0.813692121,0.186307879,41530,0.803075224,0.196924776,41546.2,0.537468193,0.462531807,41569.1,0.591645134,0.408354866,41556
2022/2/7 6:46:12,0.7916867,0.2083133,41530,0.35283264,0.64716736,41544.44,0.582291829,0.417708171,41569.1,0.624136614,0.375863386,41555
2022/2/7 6:46:20,0.793816299,0.206183701,41523.5,0.4171493,0.5828507,41540.12,0.591057245,0.408942755,41569.1,0.710703162,0.289296838,41550
2022/2/7 6:46:27,0.814507245,0.185492755,41523.5,0.733906155,0.266093845,41540,0.638471087,0.361528913,41534.57,0.586570882,0.413429118,41545
2022/2/7 6:46:35,0.969715319,0.030284681,41519.5,0.659745021,0.340254979,41524.99,0.596810605,0.403189395,41534.57,0.470518543,0.529481457,41543
2022/2/7 6:46:42,0.979961135,0.020038865,41517.5,0.69498134,0.30501866,41522.04,0.503889198,0.496110802,41534.57,0.546591386,0.453408614,41530
2022/2/7 6:46:50,0.958918407,0.041081593,41512.5,0.605046225,0.394953775,41521.1,0.569034612,0.430965388,41534.57,0.546729728,0.453270272,41530
2022/2/7 6:46:57,0.831761783,0.168238217,41511.5,0.557110176,0.442889824,41522.01,0.608997618,0.391002382,41534.57,0.44212989,0.55787011,41530
2022/2/7 6:47:04,0.800425245,0.199574755,41511.5,0.73572603,0.26427397,41524.1,0.642682783,0.357317217,41534.57,0.543066522,0.456933478,41528
2022/2/7 6:47:11,0.837419075,0.162580925,41511.5,0.694970914,0.305029086,41520.62,0.643475338,0.356524662,41534.57,0.428476797,0.571523203,41528
2022/2/7 6:47:19,0.852880938,0.147119062,41511.5,0.882620516,0.117379484,41520.62,0.634456792,0.365543208,41534.57,0.244946805,0.755053195,41527
2022/2/7 6:47:26,0.813034008,0.186965992,41511.5,0.893503079,0.106496921,41520.62,0.642229386,0.357770614,41534.57,0.433254998,0.566745002,41527
2022/2/7 6:47:33,0.805085451,0.194914549,41512,0.893251946,0.106748054,41520.62,0.678200654,0.321799346,41534.57,0.657812079,0.342187921,41527
2022/2/7 6:47:41,0.811122032,0.188877968,41511.5,0.939014478,0.060985522,41520.58,0.630855091,0.369144909,41534.57,0.551727743,0.448272257,41527
2022/2/7 6:47:48,0.838797458,0.161202542,41511.5,0.808830997,0.191169003,41517.16,0.654601552,0.345398448,41534.57,0.352576716,0.647423284,41527
2022/2/7 6:47:55,0.779985405,0.220014595,41511.5,0.556448519,0.443551481,41517.16,0.669047962,0.330952038,41534.57,0.545551611,0.454448389,41527
2022/2/7 6:48:03,0.746044175,0.253955825,41512,0.695805343,0.304194657,41520.62,0.595926571,0.404073429,41534.57,0.49148932,0.50851068,41527
2022/2/7 6:48:10,0.778476543,0.221523457,41511.5,0.851991275,0.148008725,41522.38,0.633680286,0.366319714,41526.88,0.463962403,0.536037597,41527
2022/2/7 6:48:18,0.816618354,0.183381646,41512,0.678390595,0.321609405,41517.38,0.645024029,0.354975971,41526.88,0.441331962,0.558668038,41519
2022/2/7 6:48:25,0.847116233,0.152883767,41512,0.715777602,0.284222398,41512,0.654061904,0.345938096,41526.88,0.352463377,0.647536623,41519
2022/2/7 6:48:33,0.853579859,0.146420141,41511.5,0.67267654,0.32732346,41512,0.655860042,0.344139958,41526.88,0.125520813,0.874479187,41519
2022/2/7 6:48:40,0.77175422,0.22824578,41511.5,0.487768437,0.512231563,41514.61,0.607924949,0.392075051,41526.88,0.611211903,0.388788097,41521
2022/2/7 6:48:49,0.941961246,0.058038754,41511.5,0.655557845,0.344442155,41512.04,0.653589475,0.346410525,41510.75,0.558898343,0.441101657,41521
2022/2/7 6:48:57,0.818803486,0.181196514,41511,0.473651034,0.526348966,41516.24,0.626985312,0.373014688,41510.75,0.618278276,0.381721724,41521
2022/2/7 6:49:04,0.801398219,0.198601781,41511.5,0.580967202,0.419032798,41519.73,0.599111397,0.400888603,41510.75,0.551128307,0.448871693,41523
2022/2/7 6:49:12,0.881104577,0.118895423,41511,0.29755007,0.70244993,41516.33,0.617448567,0.382551433,41510.75,0.801844082,0.198155918,41521
2022/2/7 6:49:20,0.923393619,0.076606381,41510,0.931520627,0.068479373,41504.84,0.523830651,0.476169349,41510.71,0.525839309,0.474160691,41505
2022/2/7 6:49:27,0.902371647,0.097628353,41496.5,0.889824706,0.110175294,41497.54,0.493178693,0.506821307,41510.71,0.687476893,0.312523107,41504
2022/2/7 6:49:34,0.887441329,0.112558671,41496,0.609054085,0.390945915,41495.82,0.570011592,0.429988408,41510.71,0.8239047,0.1760953,41504
2022/2/7 6:49:41,0.903486194,0.096513806,41495.5,0.494108084,0.505891916,41495.99,0.405946604,0.594053396,41510.71,0.653252329,0.346747671,41504
2022/2/7 6:49:49,0.35144261,0.64855739,41495,0.104220071,0.895779929,41510.88,0.553217363,0.446782637,41509.82,0.765371401,0.234628599,41522
2022/2/7 6:49:56,0.64003876,0.35996124,41495.5,0.206398404,0.793601596,41507.07,0.585045052,0.414954948,41509.82,0.354792184,0.645207816,41510
2022/2/7 6:50:03,0.785792941,0.214207059,41495,0.643996469,0.356003531,41497.97,0.548799065,0.451200935,41509.82,0.583980244,0.416019756,41510
2022/2/7 6:50:10,0.876714707,0.123285293,41491.5,0.362772903,0.637227097,41494.97,0.55490479,0.44509521,41509.82,0.428756621,0.571243379,41502
2022/2/7 6:50:17,0.574501673,0.425498327,41491.5,0.699777085,0.300222915,41500,0.612248903,0.387751097,41509.82,0.489106364,0.510893636,41509
2022/2/7 6:50:25,0.330421514,0.669578486,41491.5,0.264634358,0.735365642,41520.87,0.728473694,0.271526306,41509.82,0.413621246,0.586378754,41509
2022/2/7 6:50:32,0.06115874,0.93884126,41494,0.493389456,0.506610544,41523.5,0.552057678,0.447942322,41509.82,0.324828496,0.675171504,41509
2022/2/7 6:50:39,0.459474725,0.540525275,41499,0.76555842,0.23444158,41512.43,0.497161222,0.502838778,41509.82,0.330208514,0.669791486,41526
2022/2/7 6:50:46,0.335148654,0.664851346,41499,0.572700711,0.427299289,41516.35,0.592055869,0.407944131,41509.82,0.378784254,0.621215746,41526
2022/2/7 6:50:54,0.370637439,0.629362561,41498.5,0.651065738,0.348934262,41520.19,0.567335966,0.432664034,41509.82,0.397329749,0.602670251,41526
2022/2/7 6:51:01,0.850554867,0.149445133,41494,0.330835396,0.669164604,41499.31,0.527204985,0.472795015,41509.82,0.675031216,0.324968784,41511
2022/2/7 6:51:08,0.883792181,0.116207819,41491,0.089496319,0.910503681,41496.45,0.550478823,0.449521177,41509.82,0.65647115,0.34352885,41511
2022/2/7 6:51:15,0.737203138,0.262796862,41491,0.563129654,0.436870346,41501.49,0.522675569,0.477324431,41509.82,0.644991896,0.355008104,41511
2022/2/7 6:51:22,0.217465918,0.782534082,41490.5,0.897248372,0.102751628,41518.94,0.433741733,0.566258267,41525.13,0.457028143,0.542971857,41530
2022/2/7 6:51:29,0.699911643,0.300088357,41496,0.860085687,0.139914313,41507.29,0.386776951,0.613223049,41525.13,0.51182511,0.48817489,41530
2022/2/7 6:51:36,0.808445125,0.191554875,41495.5,0.422057549,0.577942451,41501.24,0.410016167,0.589983833,41525.13,0.586973404,0.413026596,41510
2022/2/7 6:51:44,0.617316498,0.382683502,41495.5,0.369263187,0.630736813,41509.23,0.417978356,0.582021644,41525.13,0.562068966,0.437931034,41510
2022/2/7 6:51:51,0.63764155,0.36235845,41496,0.255773404,0.744226596,41510.41,0.41072131,0.58927869,41525.13,0.513181903,0.486818097,41516
2022/2/7 6:51:58,0.663641111,0.336358889,41495.5,0.651966775,0.348033225,41510.46,0.43072315,0.56927685,41525.13,0.515080696,0.484919304,41516
2022/2/7 6:52:06,0.788113695,0.211886305,41495.5,0.648642749,0.351357251,41503.81,0.470483128,0.529516872,41525.13,0.614905046,0.385094954,41515
2022/2/7 6:52:13,0.616183764,0.383816236,41496,0.175262316,0.824737684,41509.15,0.436415667,0.563584333,41525.13,0.538309315,0.461690685,41505
2022/2/7 6:52:21,0.611033261,0.388966739,41496,0.532955184,0.467044816,41509.16,0.452354397,0.547645603,41525.13,0.502957477,0.497042523,41513
2022/2/7 6:52:28,0.351164061,0.648835939,41495.5,0.061531266,0.938468734,41517.99,0.453922018,0.546077982,41525.13,0.368721716,0.631278284,41516
2022/2/7 6:52:36,0.709738875,0.290261125,41496,0.409470845,0.590529155,41505.05,0.411482198,0.588517802,41525.13,0.44806456,0.55193544,41516
2022/2/7 6:52:43,0.383116365,0.616883635,41496,0.188973971,0.811026029,41517.98,0.525717216,0.474282784,41525.13,0.37417152,0.62582848,41511
2022/2/7 6:52:50,0.394165139,0.605834861,41495.5,0.37466677,0.62533323,41517.99,0.437293536,0.562706464,41525.13,0.456808319,0.543191681,41520
2022/2/7 6:52:58,0.32866914,0.67133086,41496,0.506286478,0.493713522,41517.98,0.484791506,0.515208494,41525.13,0.372214355,0.627785645,41520
2022/2/7 6:53:05,0.491831484,0.508168516,41495.5,0.308456459,0.691543541,41511.43,0.483147623,0.516852377,41525.13,0.379057119,0.620942881,41520
2022/2/7 6:53:12,0.392181955,0.607818045,41496,0.365916075,0.634083925,41518.25,0.510314389,0.489685611,41523.01,0.476981591,0.523018409,41524
2022/2/7 6:53:19,0.314376137,0.685623863,41496,0.276160258,0.723839742,41520.62,0.489067769,0.510932231,41523.01,0.522180193,0.477819807,41523
2022/2/7 6:53:27,0.290241492,0.709758508,41496,0.166100681,0.833899319,41520.68,0.427021115,0.572978885,41523.01,0.525301531,0.474698469,41523
2022/2/7 6:53:35,0.270043877,0.729956123,41495.5,0.160872119,0.839127881,41520.72,0.471794656,0.528205344,41523.01,0.408292806,0.591707194,41523
2022/2/7 6:53:42,0.044344313,0.955655687,41498,0.57000558,0.42999442,41536.02,0.455552693,0.544447307,41532.37,0.581396391,0.418603609,41534
2022/2/7 6:53:49,0.55627199,0.44372801,41510,0.247367353,0.752632647,41524.41,0.451218927,0.548781073,41532.37,0.45114984,0.54885016,41539
2022/2/7 6:53:56,0.549418326,0.450581674,41509.5,0.299889072,0.700110928,41527.76,0.451147591,0.548852409,41532.37,0.478363856,0.521636144,41539
2022/2/7 6:54:03,0.535772059,0.464227941,41510,0.819003445,0.180996555,41529.31,0.468206234,0.531793766,41532.37,0.46123767,0.53876233,41539
2022/2/7 6:54:11,0.500100179,0.499899821,41509.5,0.485525044,0.514474956,41527.76,0.463890789,0.536109211,41532.37,0.47636146,0.52363854,41532
2022/2/7 6:54:18,0.558684036,0.441315964,41509.5,0.575667822,0.424332178,41529.99,0.530694372,0.469305628,41532.37,0.426482213,0.573517787,41533
2022/2/7 6:54:27,0.563784419,0.436215581,41509.5,0.557159447,0.442840553,41529.99,0.449193272,0.550806728,41532.37,0.57544396,0.42455604,41533
2022/2/7 6:54:34,0.532163653,0.467836347,41509.5,0.344567901,0.655432099,41529.99,0.446237314,0.553762686,41532.37,0.575480827,0.424519173,41536
2022/2/7 6:54:42,0.517279518,0.482720482,41510,0.227341838,0.772658162,41529.99,0.438522789,0.561477211,41532.37,0.629796415,0.370203585,41536
2022/2/7 6:54:49,0.311111111,0.688888889,41510,0.624280836,0.375719164,41537.52,0.456701446,0.543298554,41533.91,0.420951085,0.579048915,41536
2022/2/7 6:54:57,0.293135819,0.706864181,41510,0.578387258,0.421612742,41537.52,0.489367407,0.510632593,41533.91,0.473069173,0.526930827,41537
2022/2/7 6:55:05,0.323528017,0.676471983,41510,0.734664264,0.265335736,41537.53,0.407135005,0.592864995,41533.91,0.569696879,0.430303121,41540
2022/2/7 6:55:13,0.483701678,0.516298322,41509.5,0.60392389,0.39607611,41526.86,0.49880574,0.50119426,41533.91,0.463919556,0.536080444,41531
2022/2/7 6:55:21,0.497259634,0.502740366,41510,0.252936582,0.747063418,41526.87,0.481539815,0.518460185,41533.91,0.447443298,0.552556702,41532
2022/2/7 6:55:28,0.510812841,0.489187159,41509.5,0.26021592,0.73978408,41526.87,0.53815432,0.46184568,41533.91,0.401081675,0.598918325,41534
2022/2/7 6:55:35,0.503794615,0.496205385,41510,0.645839928,0.354160072,41527.12,0.494535018,0.505464982,41533.91,0.402678039,0.597321961,41534
2022/2/7 6:55:42,0.52492256,0.47507744,41509.5,0.942482186,0.057517814,41527.13,0.383491315,0.616508685,41526.43,0.63301396,0.36698604,41530
2022/2/7 6:55:49,0.62938805,0.37061195,41510,0.956909069,0.043090931,41524.42,0.506706276,0.493293724,41526.43,0.388846367,0.611153633,41530
2022/2/7 6:55:56,0.831668845,0.168331155,41510,0.761220009,0.238779991,41518.25,0.431715007,0.568284993,41526.43,0.562495133,0.437504867,41530
2022/2/7 6:56:04,0.820474456,0.179525544,41510,0.680946962,0.319053038,41517,0.431714778,0.568285222,41526.43,0.501023256,0.498976744,41530
