,Bybit_ask,Bybit_bid,Bybit_tiker,Binance_ask,Binance_bid,Binance_tiker,Coinbase Pro_ask,Coinbase Pro_bid,Coinbase Pro_tiker,FTX_ask,FTX_bid,FTX_tiker
2022/2/8 9:01:02,0.588438889,0.411561111,43864.5,0.389049789,0.610950211,43886.24,0.450730233,0.549269767,43893.1,0.600792262,0.399207738,43882
2022/2/8 9:01:11,0.08579521,0.91420479,43865,0.33023016,0.66976984,43888.17,0.507880415,0.492119585,43875.09,0.399363108,0.600636892,43893
2022/2/8 9:01:19,0.202804046,0.797195954,43865.5,0.218207101,0.781792899,43887.9,0.463645941,0.536354059,43875.09,0.415699686,0.584300314,43890
2022/2/8 9:01:27,0.128721149,0.871278851,43865.5,0.40206929,0.59793071,43890.01,0.379807962,0.620192038,43879.39,0.301541025,0.698458975,43890
2022/2/8 9:01:35,0.091627978,0.908372022,43865.5,0.506949433,0.493050567,43901.59,0.375250812,0.624749188,43879.39,0.581315786,0.418684214,43889
2022/2/8 9:01:44,0.030245795,0.969754205,43868,0.218901492,0.781098508,43899.21,0.473840451,0.526159549,43896.29,0.351083252,0.648916748,43894
2022/2/8 9:01:51,0.120709345,0.879290655,43875,0.641770027,0.358229973,43903.27,0.203048198,0.796951802,43902.95,0.366194993,0.633805007,43904
2022/2/8 9:02:01,0.620863876,0.379136124,43874.5,0.466199087,0.533800913,43887.48,0.556365007,0.443634993,43891.89,0.487599742,0.512400258,43900
2022/2/8 9:02:10,0.641899758,0.358100242,43874.5,0.141502528,0.858497472,43889.38,0.565764016,0.434235984,43891.89,0.498376922,0.501623078,43888
2022/2/8 9:02:18,0.614996433,0.385003567,43874.5,0.149751998,0.850248002,43892.72,0.50159844,0.49840156,43887.23,0.391732467,0.608267533,43889
2022/2/8 9:02:26,0.467860062,0.532139938,43874.5,0.197773367,0.802226633,43893.59,0.525149343,0.474850657,43887.23,0.17356977,0.82643023,43926
2022/2/8 9:02:35,0.416338438,0.583661562,43912.5,0.157153307,0.842846693,43923.57,0.297499124,0.702500876,43925.57,0.595331243,0.404668757,43933
2022/2/8 9:02:44,0.373597115,0.626402885,43912.5,0.268188223,0.731811777,43932.21,0.649070527,0.350929473,43949.48,0.339468894,0.660531106,43934
2022/2/8 9:02:52,0.393117669,0.606882331,43913,0.201368353,0.798631647,43932.55,0.481027937,0.518972063,43922.97,0.398972714,0.601027286,43934
2022/2/8 9:03:01,0.431814553,0.568185447,43913,0.521457562,0.478542438,43913.72,0.517872488,0.482127512,43937.48,0.692888399,0.307111601,43922
2022/2/8 9:03:09,0.76693259,0.23306741,43903.5,0.245541415,0.754458585,43914.53,0.485000633,0.514999367,43901.69,0.555593854,0.444406146,43913
2022/2/8 9:03:18,0.712220884,0.287779116,43903.5,0.166200934,0.833799066,43911.38,0.411638856,0.588361144,43901.69,0.578623329,0.421376671,43913
2022/2/8 9:03:26,0.792492253,0.207507747,43904,0.413151308,0.586848692,43914.52,0.554581259,0.445418741,43905.26,0.348755036,0.651244964,43922
2022/2/8 9:03:34,0.728290397,0.271709603,43903.5,0.080899767,0.919100233,43925.91,0.551243505,0.448756495,43922.44,0.405090101,0.594909899,43923
2022/2/8 9:03:42,0.423955886,0.576044114,43903.5,0.542656275,0.457343725,43927.74,0.521282258,0.478717742,43922.44,0.402651925,0.597348075,43923
2022/2/8 9:03:50,0.319357183,0.680642817,43903.5,0.403080021,0.596919979,43930.99,0.351316872,0.648683128,43922.44,0.325001011,0.674998989,43923
2022/2/8 9:03:58,0.38027259,0.61972741,43903.5,0.48164389,0.51835611,43930.13,0.545002625,0.454997375,43925,0.563223476,0.436776524,43923
2022/2/8 9:04:07,0.36115942,0.63884058,43904,0.181642151,0.818357849,43930.49,0.541830434,0.458169566,43928.16,0.379251477,0.620748523,43923
2022/2/8 9:04:15,0.386729366,0.613270634,43903.5,0.813007285,0.186992715,43926.08,0.551285708,0.448714292,43928.16,0.412434634,0.587565366,43930
2022/2/8 9:04:23,0.733711145,0.266288855,43886.5,0.325039486,0.674960514,43912.47,0.423248154,0.576751846,43909.82,0.789186982,0.210813018,43908
2022/2/8 9:04:31,0.45117327,0.54882673,43886.5,0.448796806,0.551203194,43903.12,0.462030452,0.537969548,43909.82,0.697432631,0.302567369,43904
2022/2/8 9:04:40,0.696863674,0.303136326,43886.5,0.820428288,0.179571712,43890.6,0.391931043,0.608068957,43888.94,0.73287816,0.26712184,43895
2022/2/8 9:04:49,0.930337416,0.069662584,43882.5,0.453482017,0.546517983,43886.76,0.440052211,0.559947789,43888.94,0.568681951,0.431318049,43888
2022/2/8 9:04:56,0.987484027,0.012515973,43845,0.721376229,0.278623771,43855.36,0.519978462,0.480021538,43847.63,0.320700134,0.679299866,43852
2022/2/8 9:05:05,0.258070874,0.741929126,43781.5,0.504372888,0.495627112,43806.72,0.53018736,0.46981264,43830.68,0.539481343,0.460518657,43809
2022/2/8 9:05:12,0.968496274,0.031503726,43781.5,0.718302649,0.281697351,43788.99,0.534516663,0.465483337,43811.67,0.576913106,0.423086894,43786
2022/2/8 9:05:20,0.359540025,0.640459975,43763.5,0.250968032,0.749031968,43798.27,0.505131416,0.494868584,43783.79,0.722863415,0.277136585,43786
2022/2/8 9:05:29,0.016243583,0.983756417,43775,0.151250066,0.848749934,43807.56,0.476393954,0.523606046,43803.47,0.273102489,0.726897511,43803
2022/2/8 9:05:37,0.94228602,0.05771398,43777,0.572540677,0.427459323,43788.33,0.407133247,0.592866753,43803.47,0.700279368,0.299720632,43800
2022/2/8 9:05:45,0.893779952,0.106220048,43776,0.159469808,0.840530192,43782.11,0.465284152,0.534715848,43803.47,0.614060973,0.385939027,43789
2022/2/8 9:05:53,0.982646983,0.017353017,43775,0.111739217,0.888260783,43784.49,0.484079676,0.515920324,43803.47,0.705931785,0.294068215,43789
2022/2/8 9:06:01,0.849771229,0.150228771,43763.5,0.281430641,0.718569359,43780.48,0.525170227,0.474829773,43785.57,0.669789151,0.330210849,43783
2022/2/8 9:06:10,0.643877676,0.356122324,43763.5,0.072129238,0.927870762,43781.11,0.504216015,0.495783985,43785.57,0.41865114,0.58134886,43783
2022/2/8 9:06:19,0.909763544,0.090236456,43763.5,0.905983767,0.094016233,43770,0.405608042,0.594391958,43785.57,0.514220311,0.485779689,43775
2022/2/8 9:06:27,0.916153574,0.083846426,43761,0.544959106,0.455040894,43768.35,0.446281967,0.553718033,43785.57,0.59237133,0.40762867,43775
2022/2/8 9:06:36,0.966810864,0.033189136,43761.5,0.098600163,0.901399837,43773.01,0.442171899,0.557828101,43772.34,0.416784452,0.583215548,43774
2022/2/8 9:06:44,0.029309214,0.970690786,43762,0.301904177,0.698095823,43799.28,0.704271121,0.295728879,43784.85,0.511905503,0.488094497,43785
2022/2/8 9:06:53,0.200995596,0.799004404,43764.5,0.48389972,0.51610028,43790.58,0.541626551,0.458373449,43794.34,0.355367003,0.644632997,43786
2022/2/8 9:07:01,0.202347836,0.797652164,43764,0.056449012,0.943550988,43806.66,0.275241088,0.724758912,43813.42,0.113504306,0.886495694,43795
2022/2/8 9:07:09,0.081485413,0.918514587,43808.5,0.160290686,0.839709314,43848.04,0.415474251,0.584525749,43788.23,0.268242352,0.731757648,43840
2022/2/8 9:07:22,0.319740875,0.680259125,43817,0.270118174,0.729881826,43841.65,0.277637435,0.722362565,43834.69,0.601976423,0.398023577,43838
2022/2/8 9:07:30,0.69129123,0.30870877,43817,0.88343537,0.11656463,43824.76,0.469545623,0.530454377,43834.69,0.413203883,0.586796117,43828
2022/2/8 9:07:38,0.70310559,0.29689441,43808,0.242546709,0.757453291,43834.55,0.48877667,0.51122333,43829.04,0.379293488,0.620706512,43827
2022/2/8 9:07:46,0.872897436,0.127102564,43808,0.430937592,0.569062408,43819.65,0.696702089,0.303297911,43817.58,0.467346334,0.532653666,43829
2022/2/8 9:07:55,0.787803681,0.212196319,43800,0.559261714,0.440738286,43811.73,0.572252836,0.427747164,43806.63,0.59822937,0.40177063,43818
2022/2/8 9:08:03,0.860099273,0.139900727,43800,0.535127894,0.464872106,43811.71,0.81393121,0.18606879,43806.63,0.317520725,0.682479275,43818
2022/2/8 9:08:11,0.769409684,0.230590316,43800,0.371336614,0.628663386,43819.66,0.287561342,0.712438658,43806.63,0.534615118,0.465384882,43819
2022/2/8 9:08:19,0.303503629,0.696496371,43800,0.311984293,0.688015707,43833.6,0.517598579,0.482401421,43825.47,0.413477574,0.586522426,43819
2022/2/8 9:08:28,0.350731094,0.649268906,43800,0.190684705,0.809315295,43826.8,0.612476039,0.387523961,43825.47,0.403205862,0.596794138,43819
2022/2/8 9:08:36,0.33153372,0.66846628,43810,0.275491586,0.724508414,43837.09,0.57209134,0.42790866,43830.73,0.499207375,0.500792625,43839
2022/2/8 9:08:44,0.310678797,0.689321203,43809.5,0.07661906,0.92338094,43839.98,0.574238213,0.425761787,43830.73,0.321984396,0.678015604,43839
2022/2/8 9:08:52,0.307270086,0.692729914,43810,0.105443868,0.894556132,43840,0.60900438,0.39099562,43828.32,0.418568914,0.581431086,43840
2022/2/8 9:09:02,0.965501735,0.034498265,43858.5,0.447809207,0.552190793,43874.67,0.295997851,0.704002149,43862.15,0.282803454,0.717196546,43873
2022/2/8 9:09:11,0.70908765,0.29091235,43859,0.729596229,0.270403771,43865.75,0.496416137,0.503583863,43863.87,0.209713236,0.790286764,43870
2022/2/8 9:09:19,0.954128929,0.045871071,43845.5,0.700348576,0.299651424,43854.01,0.655355436,0.344644564,43850.11,0.507391894,0.492608106,43850
2022/2/8 9:09:28,0.738758203,0.261241797,43809.5,0.814828606,0.185171394,43833.6,0.628904876,0.371095124,43822.69,0.44780155,0.55219845,43832
2022/2/8 9:09:36,0.926398759,0.073601241,43790.5,0.150226764,0.849773236,43810.43,0.814320947,0.185679053,43797.5,0.486467205,0.513532795,43803
2022/2/8 9:09:44,0.944200194,0.055799806,43780,0.863045278,0.136954722,43781.6,0.509688402,0.490311598,43797.5,0.504066852,0.495933148,43785
2022/2/8 9:09:54,0.389668579,0.610331421,43760,0.171862186,0.828137814,43797.13,0.553157886,0.446842114,43779.77,0.507595361,0.492404639,43796
2022/2/8 9:10:02,0.611226737,0.388773263,43771,0.324776725,0.675223275,43789.83,0.397337742,0.602662258,43785.85,0.554032666,0.445967334,43791
2022/2/8 9:10:11,0.852129901,0.147870099,43750,0.021669195,0.978330805,43764.95,0.398119912,0.601880088,43766.29,0.406372546,0.593627454,43766
2022/2/8 9:10:19,0.951950429,0.048049571,43750,0.093668671,0.906331329,43764.95,0.475947201,0.524052799,43745.95,0.835527651,0.164472349,43762
2022/2/8 9:10:27,0.924621583,0.075378417,43750,0.071418111,0.928581889,43764.95,0.258687311,0.741312689,43745.95,0.671851368,0.328148632,43761
2022/2/8 9:10:36,0.863343415,0.136656585,43746.5,0.06421954,0.93578046,43764.96,0.568910329,0.431089671,43745.95,0.838404581,0.161595419,43756
2022/2/8 9:10:44,0.788477803,0.211522197,43746.5,0.113946087,0.886053913,43764.95,0.439463927,0.560536073,43741.32,0.475894302,0.524105698,43756
2022/2/8 9:10:51,0.844859078,0.155140922,43746.5,0.12170551,0.87829449,43764.96,0.458563793,0.541436207,43741.32,0.399441153,0.600558847,43760
2022/2/8 9:10:59,0.831408745,0.168591255,43746.5,0.157587668,0.842412332,43764.95,0.496181732,0.503818268,43741.32,0.755603349,0.244396651,43761
2022/2/8 9:11:07,0.837444405,0.162555595,43746.5,0.084798481,0.915201519,43764.95,0.406623604,0.593376396,43748.68,0.870362984,0.129637016,43761
2022/2/8 9:11:16,0.982166673,0.017833327,43745,0.814271392,0.185728608,43741.8,0.456339545,0.543660455,43744.87,0.844614445,0.155385555,43733
2022/2/8 9:11:25,0.563534548,0.436465452,43701.5,0.440083263,0.559916737,43715.8,0.586182771,0.413817229,43718.6,0.890966862,0.109033138,43713
2022/2/8 9:11:33,0.263761744,0.736238256,43677,0.078677355,0.921322645,43727.12,0.511163506,0.488836494,43718.95,0.481390597,0.518609403,43725
2022/2/8 9:11:41,0.934048487,0.065951513,43678.5,0.077119658,0.922880342,43707.89,0.533828096,0.466171904,43697.93,0.311209897,0.688790103,43700
2022/2/8 9:11:49,0.192811361,0.807188639,43680.5,0.291380605,0.708619395,43719.47,0.578757182,0.421242818,43710.97,0.42208056,0.57791944,43700
2022/2/8 9:11:58,0.597993132,0.402006868,43680,0.211312772,0.788687228,43709.62,0.557195754,0.442804246,43710.97,0.257915901,0.742084099,43703
2022/2/8 9:12:06,0.058019147,0.941980853,43680.5,0.247790809,0.752209191,43724.11,0.501680661,0.498319339,43710.97,0.297850157,0.702149843,43712
2022/2/8 9:12:16,0.953682679,0.046317321,43686.5,0.022010009,0.977989991,43703.09,0.509667254,0.490332746,43700.27,0.39837834,0.60162166,43700
2022/2/8 9:12:26,0.796652784,0.203347216,43687,0.020101893,0.979898107,43701.43,0.515237457,0.484762543,43705.36,0.422520667,0.577479333,43706
2022/2/8 9:12:35,0.856036459,0.143963541,43686.5,0.023973268,0.976026732,43702.46,0.431078386,0.568921614,43701.73,0.45273163,0.54726837,43700
2022/2/8 9:12:44,0.867670881,0.132329119,43680,0.009796855,0.990203145,43700.51,0.542699999,0.457300001,43701.73,0.288449311,0.711550689,43699
2022/2/8 9:12:52,0.993223607,0.006776393,43679.5,0.074917665,0.925082335,43700,0.481179151,0.518820849,43683.37,0.340971145,0.659028855,43694
2022/2/8 9:13:00,0.924371397,0.075628603,43666.5,0.117015072,0.882984928,43700.01,0.530375387,0.469624613,43691.72,0.582562859,0.417437141,43691
2022/2/8 9:13:08,0.500547069,0.499452931,43666.5,0.067003925,0.932996075,43700,0.547579015,0.452420985,43683.49,0.667798477,0.332201523,43700
2022/2/8 9:13:17,0.367140183,0.632859817,43666.5,0.191912689,0.808087311,43706.54,0.586336655,0.413663345,43687.21,0.744098076,0.255901924,43699
2022/2/8 9:13:25,0.393630752,0.606369248,43666,0.04250567,0.95749433,43700.45,0.535609692,0.464390308,43700.86,0.738109494,0.261890506,43698
2022/2/8 9:13:34,0.330495208,0.669504792,43666.5,0.070220487,0.929779513,43711.62,0.490569962,0.509430038,43702.04,0.47220846,0.52779154,43705
2022/2/8 9:13:42,0.535522987,0.464477013,43666.5,0.257453694,0.742546306,43700,0.51148982,0.48851018,43702.04,0.68426887,0.31573113,43694
2022/2/8 9:13:49,0.697606717,0.302393283,43666.5,0.075933915,0.924066085,43703.7,0.623646652,0.376353348,43685.12,0.640644362,0.359355638,43691
2022/2/8 9:13:57,0.52075071,0.47924929,43666.5,0.030817374,0.969182626,43705.1,0.46882683,0.53117317,43685.12,0.336214033,0.663785967,43700
2022/2/8 9:14:05,0.627053343,0.372946657,43667,0.251900966,0.748099034,43700.13,0.494902388,0.505097612,43682.17,0.550618467,0.449381533,43690
2022/2/8 9:14:13,0.397474823,0.602525177,43667,0.815940762,0.184059238,43708.38,0.537932676,0.462067324,43693.19,0.514311499,0.485688501,43698
2022/2/8 9:14:22,0.3549385,0.6450615,43666.5,0.570682365,0.429317635,43706.69,0.535354144,0.464645856,43694.08,0.449833395,0.550166605,43692
2022/2/8 9:14:31,0.378838249,0.621161751,43666.5,0.054753421,0.945246579,43700.16,0.573897012,0.426102988,43694.08,0.411704712,0.588295288,43692
2022/2/8 9:14:39,0.405062994,0.594937006,43666.5,0.014823012,0.985176988,43700.03,0.544598157,0.455401843,43691.65,0.496185812,0.503814188,43692
2022/2/8 9:14:47,0.881805557,0.118194443,43666.5,0.093859804,0.906140196,43685.21,0.630272887,0.369727113,43670.55,0.540820156,0.459179844,43669
2022/2/8 9:14:56,0.465066021,0.534933979,43635,0.070098389,0.929901611,43685.21,0.294526865,0.705473135,43669.78,0.523119662,0.476880338,43671
2022/2/8 9:15:04,0.239637509,0.760362491,43638,0.093127595,0.906872405,43670.11,0.577000328,0.422999672,43669.04,0.49162379,0.50837621,43667
2022/2/8 9:15:12,0.329306799,0.670693201,43638.5,0.896177962,0.103822038,43664.4,0.412852496,0.587147504,43669.04,0.541027244,0.458972756,43658
2022/2/8 9:15:21,0.303181355,0.696818645,43604,0.127813479,0.872186521,43633.05,0.583339741,0.416660259,43624.03,0.53947424,0.46052576,43631
2022/2/8 9:15:29,0.30187103,0.69812897,43604,0.093421399,0.906578601,43638.38,0.580531199,0.419468801,43623.3,0.379206646,0.620793354,43625
2022/2/8 9:15:37,0.87569682,0.12430318,43601.5,0.1902884,0.8097116,43624.03,0.377831688,0.622168312,43620.02,0.61372915,0.38627085,43611
2022/2/8 9:15:46,0.7130959,0.2869041,43601.5,0.343796243,0.656203757,43615.98,0.507812212,0.492187788,43620.6,0.505538565,0.494461435,43612
2022/2/8 9:15:54,0.28963656,0.71036344,43601.5,0.20634513,0.79365487,43626.57,0.6348311,0.3651689,43623.12,0.531413476,0.468586524,43612
2022/2/8 9:16:02,0.348801625,0.651198375,43601.5,0.214148898,0.785851102,43614.89,0.756644815,0.243355185,43616.39,0.471217598,0.528782402,43610
2022/2/8 9:16:10,0.88926855,0.11073145,43601.5,0.234462141,0.765537859,43589.64,0.396608472,0.603391528,43595.83,0.762435305,0.237564695,43590
2022/2/8 9:16:19,0.220476641,0.779523359,43574.5,0.157733137,0.842266863,43596.07,0.529021991,0.470978009,43589.05,0.685669375,0.314330625,43599
2022/2/8 9:16:27,0.327179947,0.672820053,43574,0.24000971,0.75999029,43588,0.690321836,0.309678164,43589.05,0.470113461,0.529886539,43598
2022/2/8 9:16:35,0.784137809,0.215862191,43567.5,0.780535446,0.219464554,43572,0.519078761,0.480921239,43575.12,0.385709604,0.614290396,43572
2022/2/8 9:16:43,0.044340303,0.955659697,43559.5,0.64244782,0.35755218,43596.07,0.449079923,0.550920077,43600.41,0.435005158,0.564994842,43590
2022/2/8 9:16:51,0.88514875,0.11485125,43573.5,0.750087464,0.249912536,43576.19,0.56078136,0.43921864,43575.12,0.436830402,0.563169598,43582
2022/2/8 9:16:59,0.98803796,0.01196204,43556,0.061875008,0.938124992,43562.39,0.626774114,0.373225886,43555.14,0.478029416,0.521970584,43560
2022/2/8 9:17:07,0.209412963,0.790587037,43556.5,0.398006196,0.601993804,43580.92,0.516037389,0.483962611,43564.83,0.570681986,0.429318014,43582
2022/2/8 9:17:16,0.180695575,0.819304425,43567,0.285021346,0.714978654,43605.94,0.47177532,0.52822468,43592.99,0.367765553,0.632234447,43598
2022/2/8 9:17:25,0.979534612,0.020465388,43582.5,0.087245331,0.912754669,43587.76,0.47921234,0.52078766,43602.59,0.31761221,0.68238779,43590
2022/2/8 9:17:34,0.333182529,0.666817471,43577.5,0.065817552,0.934182448,43600.69,0.397598439,0.602401561,43589.5,0.562994767,0.437005233,43595
2022/2/8 9:17:42,0.699552426,0.300447574,43577.5,0.129218293,0.870781707,43592.33,0.653112851,0.346887149,43589.5,0.602369005,0.397630995,43587
2022/2/8 9:17:50,0.736837775,0.263162225,43577.5,0.503761806,0.496238194,43589.91,0.320308186,0.679691814,43589.5,0.484011784,0.515988216,43589
2022/2/8 9:17:58,0.033052823,0.966947177,43577,0.56597313,0.43402687,43599.24,0.484648515,0.515351485,43605.37,0.524840621,0.475159379,43588
2022/2/8 9:18:07,0.489607595,0.510392405,43577.5,0.160687561,0.839312439,43597.48,0.523477525,0.476522475,43605.37,0.572693482,0.427306518,43591
2022/2/8 9:18:16,0.249335487,0.750664513,43577.5,0.132732137,0.867267863,43602.85,0.570438803,0.429561197,43605.37,0.344665104,0.655334896,43600
2022/2/8 9:18:24,0.219947947,0.780052053,43600,0.09738017,0.90261983,43650,0.646817257,0.353182743,43606.89,0.05569833,0.94430167,43642
2022/2/8 9:18:32,0.96716367,0.03283633,43622.5,0.374058413,0.625941587,43626.29,0.355737583,0.644262417,43620.36,0.38964532,0.61035468,43623
2022/2/8 9:18:41,0.072686615,0.927313385,43621,0.033521921,0.966478079,43649.7,0.602136651,0.397863349,43620.36,0.341877666,0.658122334,43623
2022/2/8 9:18:49,0.022286365,0.977713635,43669,0.823455111,0.176544889,43688.81,0.115694552,0.884305448,43684.19,0.380545955,0.619454045,43689
2022/2/8 9:18:57,0.894478329,0.105521671,43672.5,0.042468669,0.957531331,43680.63,0.642523127,0.357476873,43671.05,0.358974758,0.641025242,43676
2022/2/8 9:19:05,0.2963434,0.7036566,43672.5,0.061782342,0.938217658,43690.87,0.730420444,0.269579556,43671.05,0.481526285,0.518473715,43686
2022/2/8 9:19:13,0.224075612,0.775924388,43672,0.669419077,0.330580923,43696.72,0.427307676,0.572692324,43671.05,0.17843037,0.82156963,43696
2022/2/8 9:19:21,0.315212949,0.684787051,43672.5,0.287668299,0.712331701,43691.65,0.140349606,0.859650394,43687.48,0.233860604,0.766139396,43688
2022/2/8 9:19:30,0.544386243,0.455613757,43672.5,0.554357039,0.445642961,43684.99,0.610917037,0.389082963,43687.48,0.540817839,0.459182161,43689
2022/2/8 9:19:38,0.404480493,0.595519507,43672.5,0.224723835,0.775276165,43686.39,0.557899385,0.442100615,43681.94,0.586821222,0.413178778,43689
2022/2/8 9:19:46,0.529615404,0.470384596,43672.5,0.777640944,0.222359056,43702.1,0.663722453,0.336277547,43681.94,0.391358464,0.608641536,43685
2022/2/8 9:19:54,0.121364032,0.878635968,43672.5,0.679831063,0.320168937,43704.61,0.727064499,0.272935501,43681.94,0.328524333,0.671475667,43700
2022/2/8 9:20:03,0.176835351,0.823164649,43687.5,0.721610396,0.278389604,43712.6,0.518661226,0.481338774,43681.94,0.108765771,0.891234229,43714
2022/2/8 9:20:11,0.38686017,0.61313983,43718.5,0.554935053,0.445064947,43747.78,0.464364961,0.535635039,43727.25,0.415675368,0.584324632,43737
2022/2/8 9:20:19,0.102431138,0.897568862,43718.5,0.463686937,0.536313063,43745.29,0.645242557,0.354757443,43734.4,0.079756509,0.920243491,43743
2022/2/8 9:20:27,0.147912065,0.852087935,43722,0.294487957,0.705512043,43747.41,0.63388616,0.36611384,43731.23,0.047997053,0.952002947,43737
2022/2/8 9:20:36,0.670724969,0.329275031,43740,0.796263909,0.203736091,43751.63,0.448544526,0.551455474,43743.81,0.753969132,0.246030868,43750
2022/2/8 9:20:43,0.694217857,0.305782143,43739.5,0.432610228,0.567389772,43748.39,0.438449643,0.561550357,43743.81,0.540859951,0.459140049,43748
2022/2/8 9:20:53,0.681074212,0.318925788,43740,0.432855316,0.567144684,43746.71,0.517526851,0.482473149,43743.81,0.705363144,0.294636856,43747
2022/2/8 9:21:01,0.84273337,0.15726663,43723,0.249613871,0.750386129,43725.64,0.585049442,0.414950558,43729.21,0.484926687,0.515073313,43730
2022/2/8 9:21:10,0.784455206,0.215544794,43723,0.626292708,0.373707292,43740.6,0.569300622,0.430699378,43715.86,0.455033912,0.544966088,43731
2022/2/8 9:21:19,0.111113114,0.888886886,43723,0.402470433,0.597529567,43746.7,0.565992952,0.434007048,43715.86,0.582213583,0.417786417,43752
2022/2/8 9:21:27,0.144050706,0.855949294,43739.5,0.282171964,0.717828036,43766.95,0.496950535,0.503049465,43715.86,0.579967325,0.420032675,43761
2022/2/8 9:21:36,0.189064526,0.810935474,43739,0.329856282,0.670143718,43768.68,0.499076462,0.500923538,43751.28,0.600402837,0.399597163,43764
2022/2/8 9:21:44,0.242536292,0.757463708,43739.5,0.549118456,0.450881544,43763.49,0.437623118,0.562376882,43751.28,0.443200118,0.556799882,43760
2022/2/8 9:21:52,0.024792345,0.975207655,43740,0.108429063,0.891570937,43769.27,0.541861069,0.458138931,43751.28,0.37879961,0.62120039,43767
2022/2/8 9:22:00,0.017811874,0.982188126,43741,0.800938594,0.199061406,43762.58,0.467465622,0.532534378,43751.28,0.351620809,0.648379191,43770
2022/2/8 9:22:09,0.589877271,0.410122729,43741,0.555174646,0.444825354,43752.31,0.595698362,0.404301638,43751.28,0.588510458,0.411489542,43751
2022/2/8 9:22:17,0.508901867,0.491098133,43741,0.188120292,0.811879708,43757.18,0.464163896,0.535836104,43742.59,0.499031666,0.500968334,43751
2022/2/8 9:22:25,0.212639621,0.787360379,43740.5,0.971285547,0.028714453,43762,0.537531836,0.462468164,43761.24,0.204400876,0.795599124,43754
2022/2/8 9:22:35,0.496650526,0.503349474,43741,0.616386715,0.383613285,43740.44,0.567005074,0.432994926,43747.51,0.531313861,0.468686139,43746
2022/2/8 9:22:43,0.882536823,0.117463177,43720,0.76087007,0.23912993,43700.29,0.455739018,0.544260982,43704.54,0.567368273,0.432631727,43695
2022/2/8 9:22:52,0.030947845,0.969052155,43687.5,0.934879819,0.065120181,43697.36,0.343951161,0.656048839,43700.11,0.631533794,0.368466206,43700
2022/2/8 9:23:01,0.16430948,0.83569052,43687,0.471276451,0.528723549,43706.06,0.433434932,0.566565068,43700.11,0.609538359,0.390461641,43713
2022/2/8 9:23:09,0.570703135,0.429296865,43687,0.371239566,0.628760434,43703.87,0.450618274,0.549381726,43689.79,0.644996412,0.355003588,43702
2022/2/8 9:23:19,0.974265256,0.025734744,43679.5,0.44784287,0.55215713,43679.62,0.415481571,0.584518429,43689.79,0.555595607,0.444404393,43686
2022/2/8 9:23:27,0.593528107,0.406471893,43670,0.358621293,0.641378707,43683.1,0.538388249,0.461611751,43674.26,0.425094756,0.574905244,43698
2022/2/8 9:23:35,0.603221402,0.396778598,43670,0.22812809,0.77187191,43687.93,0.498589287,0.501410713,43674.26,0.615935022,0.384064978,43698
2022/2/8 9:23:43,0.226444285,0.773555715,43670,0.116624953,0.883375047,43696.68,0.496722068,0.503277932,43674.26,0.703753611,0.296246389,43696
2022/2/8 9:23:52,0.20945028,0.79054972,43670.5,0.230817719,0.769182281,43687.82,0.500824483,0.499175517,43695.81,0.492687417,0.507312583,43696
2022/2/8 9:24:02,0.305943177,0.694056823,43670,0.178290034,0.821709966,43694.76,0.467401011,0.532598989,43701.01,0.451362217,0.548637783,43696
2022/2/8 9:24:10,0.263042192,0.736957808,43680,0.381261986,0.618738014,43699.78,0.593232087,0.406767913,43699.57,0.422875142,0.577124858,43696
2022/2/8 9:24:18,0.081409559,0.918590441,43685.5,0.147902529,0.852097471,43714.03,0.541753751,0.458246249,43699.57,0.39087166,0.60912834,43713
2022/2/8 9:24:26,0.070570603,0.929429397,43711,0.48541225,0.51458775,43735.46,0.412253648,0.587746352,43731.19,0.206477513,0.793522487,43730
2022/2/8 9:24:35,0.969682387,0.030317613,43711,0.280742408,0.719257592,43712.47,0.408733221,0.591266779,43709.47,0.450556236,0.549443764,43730
2022/2/8 9:24:44,0.809845823,0.190154177,43711,0.254446543,0.745553457,43713.7,0.362166522,0.637833478,43717.89,0.533781873,0.466218127,43730
2022/2/8 9:24:52,0.804033092,0.195966908,43711,0.328008403,0.671991597,43706.95,0.473024945,0.526975055,43717.89,0.504015301,0.495984699,43713
2022/2/8 9:25:01,0.115430645,0.884569355,43661,0.568758322,0.431241678,43685.17,0.543022122,0.456977878,43680.56,0.532699021,0.467300979,43688
2022/2/8 9:25:09,0.497409869,0.502590131,43670.5,0.058865223,0.941134777,43690.63,0.509846405,0.490153595,43666.74,0.38409438,0.61590562,43678
2022/2/8 9:25:17,0.150242703,0.849757297,43670.5,0.419867709,0.580132291,43700,0.518437839,0.481562161,43666.74,0.340804175,0.659195825,43690
2022/2/8 9:25:25,0.191310502,0.808689498,43670.5,0.515763404,0.484236596,43692.88,0.671188929,0.328811071,43666.74,0.549517931,0.450482069,43690
2022/2/8 9:25:35,0.190830244,0.809169756,43680,0.616005039,0.383994961,43705.37,0.410797592,0.589202408,43695.36,0.505720218,0.494279782,43690
2022/2/8 9:25:43,0.037623936,0.962376064,43680,0.25239095,0.74760905,43711.47,0.572887088,0.427112912,43706.08,0.517082451,0.482917549,43710
2022/2/8 9:25:51,0.174661011,0.825338989,43693.5,0.2447102,0.7552898,43721.1,0.396979856,0.603020144,43709.81,0.523143096,0.476856904,43713
2022/2/8 9:26:00,0.236003422,0.763996578,43694,0.156931051,0.843068949,43714.89,0.563412266,0.436587734,43708.34,0.468622059,0.531377941,43713
2022/2/8 9:26:08,0.435074715,0.564925285,43694,0.839141197,0.160858803,43707.82,0.489436748,0.510563252,43694.88,0.648866921,0.351133079,43700
2022/2/8 9:26:16,0.804958585,0.195041415,43687.5,0.912332114,0.087667886,43694.7,0.410340815,0.589659185,43697.83,0.501738607,0.498261393,43696
2022/2/8 9:26:26,0.667379946,0.332620054,43687.5,0.40729279,0.59270721,43697.98,0.491512562,0.508487438,43697.83,0.472292011,0.527707989,43696
2022/2/8 9:26:34,0.724324756,0.275675244,43688,0.428628117,0.571371883,43714.06,0.467410554,0.532589446,43704.25,0.54085643,0.45914357,43698
2022/2/8 9:26:42,0.136035581,0.863964419,43688,0.241302938,0.758697062,43714.02,0.454447732,0.545552268,43704.25,0.424967274,0.575032726,43714
2022/2/8 9:26:51,0.0125725,0.9874275,43690,0.467871323,0.532128677,43725.51,0.427347159,0.572652841,43704.25,0.244114407,0.755885593,43721
2022/2/8 9:26:59,0.058093418,0.941906582,43704.5,0.645225122,0.354774878,43739.46,0.503614645,0.496385355,43704.25,0.587826207,0.412173793,43738
2022/2/8 9:27:08,0.05328258,0.94671742,43717,0.649395131,0.350604869,43751,0.437943328,0.562056672,43704.25,0.495638469,0.504361531,43752
2022/2/8 9:27:16,0.224967548,0.775032452,43735.5,0.273358524,0.726641476,43758.86,0.45118247,0.54881753,43761.46,0.287562624,0.712437376,43758
2022/2/8 9:27:24,0.056389316,0.943610684,43735,0.129889629,0.870110371,43767.62,0.470253633,0.529746367,43761.46,0.289416333,0.710583667,43761
2022/2/8 9:27:32,0.182092924,0.817907076,43735.5,0.040946645,0.959053355,43773.54,0.43079565,0.56920435,43756.16,0.304369929,0.695630071,43758
2022/2/8 9:27:41,0.040531484,0.959468516,43740,0.056846711,0.943153289,43780.08,0.432386188,0.567613812,43756.16,0.330032154,0.669967846,43780
2022/2/8 9:27:49,0.150543065,0.849456935,43760,0.772637114,0.227362886,43785.57,0.518717346,0.481282654,43787.47,0.197893053,0.802106947,43780
2022/2/8 9:27:57,0.184566812,0.815433188,43765,0.471972613,0.528027387,43790.16,0.472129628,0.527870372,43786.58,0.267162776,0.732837224,43792
2022/2/8 9:28:05,0.13803338,0.86196662,43769.5,0.426714924,0.573285076,43792.26,0.51605568,0.48394432,43786.58,0.267536323,0.732463677,43792
2022/2/8 9:28:13,0.142383349,0.857616651,43769.5,0.189278636,0.810721364,43791.11,0.472918805,0.527081195,43797.24,0.192078602,0.807921398,43788
2022/2/8 9:28:21,0.178363525,0.821636475,43769.5,0.709978404,0.290021596,43789.97,0.43200467,0.56799533,43797.24,0.531912863,0.468087137,43792
2022/2/8 9:28:29,0.209482999,0.790517001,43769,0.275032463,0.724967537,43787.52,0.529182729,0.470817271,43786.75,0.466544375,0.533455625,43792
2022/2/8 9:28:38,0.235983024,0.764016976,43769.5,0.43479725,0.56520275,43788.26,0.534126711,0.465873289,43786.75,0.280463277,0.719536723,43789
2022/2/8 9:28:46,0.19716655,0.80283345,43769.5,0.159667027,0.840332973,43794.99,0.533346457,0.466653543,43786.75,0.347858281,0.652141719,43789
2022/2/8 9:28:54,0.01020643,0.98979357,43770,0.132766273,0.867233727,43822.07,0.370035215,0.629964785,43816.51,0.476369973,0.523630027,43816
2022/2/8 9:29:03,0.138497137,0.861502863,43812,0.385283149,0.614716851,43838.51,0.440357759,0.559642241,43816.51,0.401837781,0.598162219,43834
2022/2/8 9:29:11,0.806697033,0.193302967,43798,0.119136094,0.880863906,43806.4,0.69121682,0.30878318,43805.56,0.67877241,0.32122759,43802
2022/2/8 9:29:19,0.820567197,0.179432803,43790,0.553253897,0.446746103,43797.93,0.438508954,0.561491046,43798.03,0.669809709,0.330190291,43800
2022/2/8 9:29:27,0.667786765,0.332213235,43778,0.282474786,0.717525214,43787.81,0.67587225,0.32412775,43786.06,0.547480402,0.452519598,43793
2022/2/8 9:29:37,0.980459152,0.019540848,43761,0.323299444,0.676700556,43759.31,0.515507887,0.484492113,43783.58,0.563642527,0.436357473,43771
2022/2/8 9:29:45,0.391618383,0.608381617,43755.5,0.191559019,0.808440981,43783.51,0.344955044,0.655044956,43771.04,0.567737835,0.432262165,43761
2022/2/8 9:29:53,0.297008978,0.702991022,43755,0.461890707,0.538109293,43783,0.500614413,0.499385587,43786.95,0.596056885,0.403943115,43784
2022/2/8 9:30:01,0.107900327,0.892099673,43755.5,0.021530752,0.978469248,43795.1,0.458412163,0.541587837,43786.95,0.485235999,0.514764001,43784
2022/2/8 9:30:09,0.116160316,0.883839684,43777.5,0.10617418,0.89382582,43795.38,0.591486877,0.408513123,43791.35,0.455196221,0.544803779,43790
2022/2/8 9:30:23,0.209338575,0.790661425,43777.5,0.573375556,0.426624444,43801.12,0.389240289,0.610759711,43790,0.357357885,0.642642115,43805
2022/2/8 9:30:32,0.219945948,0.780054052,43778,0.234179358,0.765820642,43806.75,0.530945258,0.469054742,43805.88,0.43292667,0.56707333,43812
2022/2/8 9:30:40,0.06349584,0.93650416,43798,0.370658617,0.629341383,43828.64,0.571622492,0.428377508,43816.1,0.165030439,0.834969561,43829
2022/2/8 9:30:49,0.030992703,0.969007297,43803.5,0.040406764,0.959593236,43842.15,0.444362528,0.555637472,43840.69,0.530912096,0.469087904,43842
2022/2/8 9:30:57,0.857803237,0.142196763,43835,0.8526426,0.1473574,43845.65,0.583991928,0.416008072,43857.44,0.471781236,0.528218764,43844
2022/2/8 9:31:05,0.418453172,0.581546828,43822.5,0.752103527,0.247896473,43837.28,0.565196515,0.434803485,43841.41,0.400494555,0.599505445,43840
2022/2/8 9:31:14,0.955152014,0.044847986,43814.5,0.446457159,0.553542841,43828.76,0.416490427,0.583509573,43818.81,0.54220339,0.45779661,43822
2022/2/8 9:31:22,0.442292107,0.557707893,43815,0.223404457,0.776595543,43848.11,0.519237001,0.480762999,43836.3,0.613203966,0.386796034,43850
2022/2/8 9:31:30,0.048175987,0.951824013,43822.5,0.249399388,0.750600612,43849.97,0.543975982,0.456024018,43858.75,0.520092997,0.479907003,43852
2022/2/8 9:31:39,0.122817868,0.877182132,43824,0.19865802,0.80134198,43849.97,0.412458099,0.587541901,43858.75,0.498455155,0.501544845,43853
2022/2/8 9:31:47,0.176090198,0.823909802,43835,0.744276841,0.255723159,43858.27,0.435376583,0.564623417,43858.75,0.303287554,0.696712446,43857
2022/2/8 9:31:55,0.138469618,0.861530382,43835,0.402733356,0.597266644,43856.03,0.457871168,0.542128832,43858.75,0.494746411,0.505253589,43857
2022/2/8 9:32:04,0.084681334,0.915318666,43835,0.326588839,0.673411161,43862.68,0.415353051,0.584646949,43858.75,0.256204988,0.743795012,43857
2022/2/8 9:32:13,0.619856569,0.380143431,43850,0.556919113,0.443080887,43862.22,0.277566456,0.722433544,43860.93,0.023819394,0.976180606,43861
2022/2/8 9:32:21,0.024716952,0.975283048,43850,0.005096417,0.994903583,43884,0.438213196,0.561786804,43860.93,0.264675901,0.735324099,43878
2022/2/8 9:32:30,0.058711386,0.941288614,43853.5,0.896198981,0.103801019,43870,0.436005337,0.563994663,43877.73,0.432049687,0.567950313,43878
2022/2/8 9:32:38,0.168438106,0.831561894,43853.5,0.929474068,0.070525932,43859.39,0.463381451,0.536618549,43877.73,0.59722943,0.40277057,43856
2022/2/8 9:32:47,0.579750824,0.420249176,43853,0.180808203,0.819191797,43860.1,0.484841373,0.515158627,43860.27,0.342399399,0.657600601,43864
2022/2/8 9:32:55,0.624837983,0.375162017,43853.5,0.331733446,0.668266554,43862.37,0.415021047,0.584978953,43860.27,0.569242326,0.430757674,43864
2022/2/8 9:33:03,0.741806571,0.258193429,43853,0.930959238,0.069040762,43856.15,0.474484525,0.525515475,43860.27,0.387471697,0.612528303,43864
2022/2/8 9:33:12,0.709201124,0.290798876,43853,0.286412084,0.713587916,43856.67,0.45705455,0.54294545,43860.27,0.513619925,0.486380075,43857
2022/2/8 9:33:20,0.715674999,0.284325001,43853.5,0.345342919,0.654657081,43859.98,0.432770185,0.567229815,43860.27,0.542606615,0.457393385,43857
2022/2/8 9:33:29,0.888796008,0.111203992,43845.5,0.709865263,0.290134737,43833.26,0.233342348,0.766657652,43847.14,0.518975417,0.481024583,43840
2022/2/8 9:33:37,0.773748803,0.226251197,43834.5,0.425099663,0.574900337,43839.59,0.312478054,0.687521946,43847.14,0.140618194,0.859381806,43838
2022/2/8 9:33:45,0.717687323,0.282312677,43834.5,0.205393075,0.794606925,43843.39,0.471833616,0.528166384,43850.04,0.421422715,0.578577285,43845
2022/2/8 9:33:55,0.978096687,0.021903313,43825,0.153350678,0.846649322,43825.65,0.329213428,0.670786572,43850.04,0.485776712,0.514223288,43832
2022/2/8 9:34:03,0.817465743,0.182534257,43825,0.115392754,0.884607246,43836.71,0.534008943,0.465991057,43818.72,0.71328988,0.28671012,43832
2022/2/8 9:34:13,0.280169149,0.719830851,43825,0.137252536,0.862747464,43841,0.504660302,0.495339698,43818.72,0.347539984,0.652460016,43838
2022/2/8 9:34:21,0.17554373,0.82445627,43825,0.604383328,0.395616672,43845.73,0.405123715,0.594876285,43818.72,0.415538266,0.584461734,43839
2022/2/8 9:34:29,0.184778845,0.815221155,43837.5,0.158026526,0.841973474,43854.86,0.39807183,0.60192817,43855.35,0.492225354,0.507774646,43850
2022/2/8 9:34:37,0.566794938,0.433205062,43837,0.735756787,0.264243213,43844.01,0.558496713,0.441503287,43855.35,0.633278016,0.366721984,43848
2022/2/8 9:34:46,0.933057061,0.066942939,43837,0.079078673,0.920921327,43829.45,0.546304045,0.453695955,43834.77,0.565800606,0.434199394,43839
2022/2/8 9:34:54,0.946332534,0.053667466,43825.5,0.174020348,0.825979652,43820.01,0.468309007,0.531690993,43834.77,0.632720733,0.367279267,43829
2022/2/8 9:35:02,0.67634893,0.32365107,43815.5,0.079868565,0.920131435,43814.81,0.400926998,0.599073002,43834.77,0.573834043,0.426165957,43821
2022/2/8 9:35:11,0.93718704,0.06281296,43800,0.035405169,0.964594831,43793.59,0.604096298,0.395903702,43834.77,0.843748094,0.156251906,43797
2022/2/8 9:35:19,0.459504988,0.540495012,43797.5,0.726925641,0.273074359,43811.15,0.514078952,0.485921048,43798.73,0.754721482,0.245278518,43801
2022/2/8 9:35:27,0.270258008,0.729741992,43802.5,0.545082513,0.454917487,43817.3,0.329482385,0.670517615,43798.73,0.564498175,0.435501825,43820
2022/2/8 9:35:36,0.250461288,0.749538712,43802,0.944533625,0.055466375,43811.16,0.415268044,0.584731956,43805.99,0.493368438,0.506631562,43820
2022/2/8 9:35:44,0.394849367,0.605150633,43802,0.779849139,0.220150861,43818.6,0.461518888,0.538481112,43805.99,0.711057231,0.288942769,43819
2022/2/8 9:35:52,0.094070169,0.905929831,43802.5,0.307037933,0.692962067,43824.16,0.276254573,0.723745427,43826.5,0.363400925,0.636599075,43819
2022/2/8 9:36:01,0.131307503,0.868692497,43804.5,0.30092093,0.69907907,43825.55,0.464807708,0.535192292,43826.5,0.297897733,0.702102267,43832
2022/2/8 9:36:09,0.022258862,0.977741138,43810,0.177834863,0.822165137,43838.34,0.350707425,0.649292575,43834.57,0.681396891,0.318603109,43840
2022/2/8 9:36:18,0.476256319,0.523743681,43809.5,0.470754048,0.529245952,43818.65,0.630961669,0.369038331,43834.57,0.390097598,0.609902402,43825
2022/2/8 9:36:26,0.51594682,0.48405318,43810,0.403650103,0.596349897,43818.58,0.336972702,0.663027298,43807.63,0.364944953,0.635055047,43820
2022/2/8 9:36:34,0.991867135,0.008132865,43800.5,0.579990678,0.420009322,43795.13,0.528640296,0.471359704,43807.63,0.639484869,0.360515131,43800
2022/2/8 9:36:43,0.978593548,0.021406452,43786,0.96728783,0.03271217,43785.47,0.45634355,0.54365645,43807.63,0.660992783,0.339007217,43784
2022/2/8 9:36:51,0.445498725,0.554501275,43770.5,0.36883392,0.63116608,43785.44,0.46919128,0.53080872,43791,0.784281871,0.215718129,43788
2022/2/8 9:37:01,0.683320297,0.316679703,43770.5,0.428083154,0.571916846,43774.28,0.469939402,0.530060598,43788.8,0.508339266,0.491660734,43778
2022/2/8 9:37:10,0.710419837,0.289580163,43762,0.497914138,0.502085862,43761.13,0.490514547,0.509485453,43756.34,0.473479269,0.526520731,43766
2022/2/8 9:37:18,0.405805755,0.594194245,43762,0.312282372,0.687717628,43786.61,0.524955839,0.475044161,43772.08,0.303523367,0.696476633,43785
2022/2/8 9:37:27,0.132796584,0.867203416,43765,0.695839239,0.304160761,43786.61,0.410124126,0.589875874,43772.08,0.277338362,0.722661638,43785
2022/2/8 9:37:35,0.159775629,0.840224371,43765,0.44490299,0.55509701,43787.69,0.414380793,0.585619207,43772.08,0.529874499,0.470125501,43787
2022/2/8 9:37:43,0.607238068,0.392761932,43765,0.511948266,0.488051734,43764.83,0.384955844,0.615044156,43772.08,0.524907392,0.475092608,43787
2022/2/8 9:37:51,0.703849128,0.296150872,43765,0.308874032,0.691125968,43767.44,0.459532453,0.540467547,43772.08,0.554494768,0.445505232,43768
2022/2/8 9:37:59,0.79541202,0.20458798,43764.5,0.280176079,0.719823921,43761.87,0.427373813,0.572626187,43772.08,0.632792525,0.367207475,43763
2022/2/8 9:38:10,0.687468969,0.312531031,43734,0.745046406,0.254953594,43733,0.432471304,0.567528696,43738.53,0.774402541,0.225597459,43743
2022/2/8 9:38:19,0.721726432,0.278273568,43731,0.448841661,0.551158339,43728.38,0.428557179,0.571442821,43727.95,0.599699488,0.400300512,43731
2022/2/8 9:38:27,0.391872418,0.608127582,43731.5,0.597529435,0.402470565,43756.52,0.591944147,0.408055853,43727.95,0.361712885,0.638287115,43752
2022/2/8 9:38:36,0.48926985,0.51073015,43747.5,0.544321098,0.455678902,43758.56,0.420056063,0.579943937,43727.95,0.459089977,0.540910023,43762
2022/2/8 9:38:44,0.214317018,0.785682982,43748,0.657703249,0.342296751,43768.69,0.398305165,0.601694835,43727.95,0.582410063,0.417589937,43762
2022/2/8 9:38:52,0.246212121,0.753787879,43748,0.228780475,0.771219525,43761.1,0.446532276,0.553467724,43727.95,0.350515204,0.649484796,43762
2022/2/8 9:39:01,0.038104798,0.961895202,43748,0.404121831,0.595878169,43777.12,0.49087046,0.50912954,43727.95,0.453957579,0.546042421,43777
2022/2/8 9:39:09,0.039262258,0.960737742,43764.5,0.301235099,0.698764901,43793.58,0.411179708,0.588820292,43788.97,0.282872562,0.717127438,43790
2022/2/8 9:39:17,0.010866181,0.989133819,43787,0.819747381,0.180252619,43812.61,0.358827376,0.641172624,43791.46,0.535806561,0.464193439,43809
2022/2/8 9:39:25,0.308222787,0.691777213,43787.5,0.306165397,0.693834603,43800.48,0.536347219,0.463652781,43791.46,0.43243874,0.56756126,43805
2022/2/8 9:39:33,0.925207098,0.074792902,43787.5,0.855631959,0.144368041,43780.48,0.521651927,0.478348073,43791.46,0.626010919,0.373989081,43785
2022/2/8 9:39:42,0.938783882,0.061216118,43777.5,0.276263054,0.723736946,43772.74,0.508712924,0.491287076,43779.5,0.471702205,0.528297795,43777
2022/2/8 9:39:50,0.749142926,0.250857074,43767,0.673936993,0.326063007,43767.47,0.48753488,0.51246512,43779.5,0.435357459,0.564642541,43774
2022/2/8 9:39:58,0.792904641,0.207095359,43762,0.104960173,0.895039827,43769.67,0.543735681,0.456264319,43768.53,0.507221662,0.492778338,43767
2022/2/8 9:40:07,0.166726901,0.833273099,43774.5,0.557668187,0.442331813,43796.41,0.407161475,0.592838525,43760.84,0.457376377,0.542623623,43791
2022/2/8 9:40:16,0.464368968,0.535631032,43775,0.062397994,0.937602006,43799.99,0.378883845,0.621116155,43792.67,0.532473394,0.467526606,43807
2022/2/8 9:40:24,0.079875874,0.920124126,43792,0.569194894,0.430805106,43813.24,0.47735683,0.52264317,43802.6,0.56180142,0.43819858,43825
2022/2/8 9:40:32,0.018327033,0.981672967,43805.5,0.106386117,0.893613883,43841.21,0.477548579,0.522451421,43802.6,0.430712397,0.569287603,43840
2022/2/8 9:40:40,0.481931315,0.518068685,43810,0.368017434,0.631982566,43832.53,0.515762447,0.484237553,43823.39,0.581923318,0.418076682,43828
2022/2/8 9:40:48,0.344423779,0.655576221,43810,0.666038523,0.333961477,43833.53,0.524609659,0.475390341,43847.49,0.404929425,0.595070575,43831
2022/2/8 9:40:57,0.194721819,0.805278181,43810,0.813790758,0.186209242,43838.62,0.448773708,0.551226292,43847.49,0.372582584,0.627417416,43831
2022/2/8 9:41:05,0.299964809,0.700035191,43810,0.306238485,0.693761515,43832.05,0.533881954,0.466118046,43826.07,0.316401148,0.683598852,43837
2022/2/8 9:41:13,0.32853226,0.67146774,43810,0.301801697,0.698198303,43828.62,0.418614703,0.581385297,43818.28,0.518220994,0.481779006,43824
2022/2/8 9:41:21,0.330135057,0.669864943,43809.5,0.400719146,0.599280854,43828.62,0.508189895,0.491810105,43830.26,0.493224532,0.506775468,43836
2022/2/8 9:41:29,0.302739156,0.697260844,43809.5,0.324842644,0.675157356,43835.6,0.431790513,0.568209487,43828.64,0.492090711,0.507909289,43834
2022/2/8 9:41:37,0.19664474,0.80335526,43810,0.589458668,0.410541332,43839.92,0.260457476,0.739542524,43828.64,0.387889596,0.612110404,43834
2022/2/8 9:41:45,0.455787407,0.544212593,43810,0.543909904,0.456090096,43821.54,0.604635009,0.395364991,43828.64,0.703011371,0.296988629,43834
2022/2/8 9:41:53,0.621242062,0.378757938,43809.5,0.179915415,0.820084585,43821.54,0.395797502,0.604202498,43828.64,0.529438576,0.470561424,43821
2022/2/8 9:42:01,0.131872235,0.868127765,43810,0.657464371,0.342535629,43836.99,0.457422327,0.542577673,43842.03,0.354596332,0.645403668,43840
2022/2/8 9:42:09,0.084367221,0.915632779,43810,0.517675039,0.482324961,43839.93,0.291160975,0.708839025,43842.03,0.386867302,0.613132698,43840
2022/2/8 9:42:18,0.175066783,0.824933217,43825,0.544135935,0.455864065,43850.68,0.334768276,0.665231724,43842.03,0.590855281,0.409144719,43845
2022/2/8 9:42:27,0.026473007,0.973526993,43825,0.772158594,0.227841406,43845.47,0.212500768,0.787499232,43862.78,0.65531267,0.34468733,43856
2022/2/8 9:42:36,0.017443091,0.982556909,43825.5,0.55644003,0.44355997,43855.84,0.327095937,0.672904063,43862.78,0.33154868,0.66845132,43851
2022/2/8 9:42:45,0.162767968,0.837232032,43832,0.212875574,0.787124426,43855.81,0.334686338,0.665313662,43862.78,0.585970089,0.414029911,43851
2022/2/8 9:42:55,0.172363896,0.827636104,43832,0.0548223,0.9451777,43871.35,0.357837203,0.642162797,43864.92,0.113315241,0.886684759,43875
2022/2/8 9:43:04,0.142371002,0.857628998,43850,0.35268364,0.64731636,43872.04,0.310218616,0.689781384,43863.95,0.469927552,0.530072448,43876
2022/2/8 9:43:12,0.714784394,0.285215606,43850,0.094730752,0.905269248,43855.81,0.512481287,0.487518713,43862.76,0.689444589,0.310555411,43859
2022/2/8 9:43:21,0.71869046,0.28130954,43849.5,0.186372124,0.813627876,43855.81,0.479816466,0.520183534,43856.16,0.206022227,0.793977773,43859
2022/2/8 9:43:30,0.726088631,0.273911369,43850,0.701295094,0.298704906,43860.01,0.535883968,0.464116032,43866.35,0.768508053,0.231491947,43854
2022/2/8 9:43:38,0.249849772,0.750150228,43832.5,0.500699618,0.499300382,43849.93,0.512070117,0.487929883,43851.89,0.85718194,0.14281806,43860
2022/2/8 9:43:46,0.078469373,0.921530627,43832.5,0.440449348,0.559550652,43861.57,0.489970759,0.510029241,43851.89,0.652034437,0.347965563,43865
2022/2/8 9:43:54,0.295741651,0.704258349,43832.5,0.478963076,0.521036924,43852,0.549294111,0.450705889,43851.89,0.780838142,0.219161858,43860
2022/2/8 9:44:03,0.242220525,0.757779475,43832,0.212356315,0.787643685,43851.41,0.406965984,0.593034016,43851.89,0.622436556,0.377563444,43860
2022/2/8 9:44:11,0.037561319,0.962438681,43832.5,0.618717359,0.381282641,43861.56,0.228258388,0.771741612,43851.89,0.698913748,0.301086252,43868
2022/2/8 9:44:20,0.244778461,0.755221539,43832.5,0.774903586,0.225096414,43852.46,0.329006262,0.670993738,43851.89,0.446064266,0.553935734,43858
2022/2/8 9:44:29,0.781388714,0.218611286,43832,0.433462452,0.566537548,43839.41,0.365070762,0.634929238,43851.89,0.410010327,0.589989673,43851
2022/2/8 9:44:37,0.580297761,0.419702239,43832,0.57034348,0.42965652,43852.53,0.508400929,0.491599071,43851.89,0.49865123,0.50134877,43844
2022/2/8 9:44:45,0.220523976,0.779476024,43832,0.668181879,0.331818121,43860.12,0.456954685,0.543045315,43851.89,0.744474758,0.255525242,43864
2022/2/8 9:44:53,0.213451606,0.786548394,43832,0.554378353,0.445621647,43860.79,0.612133399,0.387866601,43855.75,0.779218223,0.220781777,43857
2022/2/8 9:45:01,0.004418779,0.995581221,43832.5,0.856997363,0.143002637,43870,0.4288866,0.5711134,43883.5,0.358463156,0.641536844,43884
2022/2/8 9:45:10,0.227819811,0.772180189,43849.5,0.118943375,0.881056625,43879.38,0.382424017,0.617575983,43877.4,0.557259656,0.442740344,43874
2022/2/8 9:45:20,0.181974707,0.818025293,43850,0.469520739,0.530479261,43879.99,0.402743963,0.597256037,43877.4,0.254683837,0.745316163,43884
2022/2/8 9:45:29,0.009525815,0.990474185,43850.5,0.475179358,0.524820642,43888.09,0.417866163,0.582133837,43877.4,0.534234521,0.465765479,43890
2022/2/8 9:45:38,0.168905836,0.831094164,43863.5,0.702221878,0.297778122,43887.75,0.451754592,0.548245408,43877.4,0.24325881,0.75674119,43891
2022/2/8 9:45:46,0.236971129,0.763028871,43880,0.253981723,0.746018277,43899,0.472232298,0.527767702,43900.95,0.21145776,0.78854224,43900
2022/2/8 9:45:54,0.01912026,0.98087974,43880,0.773020722,0.226979278,43892.85,0.412965263,0.587034737,43900.95,0.385114836,0.614885164,43905
2022/2/8 9:46:03,0.687115922,0.312884078,43880,0.203815542,0.796184458,43889.25,0.504662261,0.495337739,43898.76,0.571758773,0.428241227,43894
2022/2/8 9:46:12,0.44726084,0.55273916,43899.5,0.959040521,0.040959479,43904.54,0.317412612,0.682587388,43895.04,0.563785274,0.436214726,43914
2022/2/8 9:46:20,0.746441116,0.253558884,43887,0.148724019,0.851275981,43896.45,0.637729339,0.362270661,43893.55,0.543573867,0.456426133,43902
2022/2/8 9:46:30,0.755171507,0.244828493,43886.5,0.626694082,0.373305918,43886.98,0.536858979,0.463141021,43897.93,0.602193894,0.397806106,43887
2022/2/8 9:46:38,0.686436568,0.313563432,43863.5,0.441057138,0.558942862,43874.39,0.415313695,0.584686305,43897.93,0.63986546,0.36013454,43880
2022/2/8 9:46:46,0.612104175,0.387895825,43863,0.790034381,0.209965619,43896.24,0.428248493,0.571751507,43863.19,0.44491482,0.55508518,43892
2022/2/8 9:46:54,0.138394951,0.861605049,43878.5,0.510208529,0.489791471,43907.26,0.546320319,0.453679681,43863.19,0.697281562,0.302718438,43910
2022/2/8 9:47:02,0.099926497,0.900073503,43878.5,0.488167902,0.511832098,43911.95,0.497875907,0.502124093,43863.19,0.603892464,0.396107536,43910
2022/2/8 9:47:11,0.211964312,0.788035688,43878,0.542210546,0.457789454,43905.56,0.432132945,0.567867055,43908.54,0.441842606,0.558157394,43907
2022/2/8 9:47:19,0.211418678,0.788581322,43878.5,0.292108187,0.707891813,43907.25,0.535248668,0.464751332,43912.3,0.459250082,0.540749918,43908
2022/2/8 9:47:28,0.17051615,0.82948385,43878.5,0.108622062,0.891377938,43909,0.371736963,0.628263037,43912.3,0.487197779,0.512802221,43908
2022/2/8 9:47:36,0.761696479,0.238303521,43878,0.159391893,0.840608107,43890.68,0.539399434,0.460600566,43891.15,0.405298631,0.594701369,43895
2022/2/8 9:47:45,0.883384896,0.116615104,43878.5,0.949129761,0.050870239,43883.85,0.362909397,0.637090603,43889.37,0.397556509,0.602443491,43893
2022/2/8 9:47:54,0.985883655,0.014116345,43873.5,0.81185588,0.18814412,43877.62,0.475122356,0.524877644,43889.37,0.536386433,0.463613567,43893
2022/2/8 9:48:02,0.35673111,0.64326889,43853.5,0.895528877,0.104471123,43880.24,0.405369444,0.594630556,43889.37,0.347680019,0.652319981,43885
2022/2/8 9:48:11,0.213173106,0.786826894,43856,0.458039705,0.541960295,43888.45,0.417989551,0.582010449,43884.05,0.401546078,0.598453922,43884
2022/2/8 9:48:20,0.132599654,0.867400346,43855.5,0.746984217,0.253015783,43888.45,0.47243309,0.52756691,43884.05,0.706758344,0.293241656,43884
2022/2/8 9:48:28,0.079856161,0.920143839,43858.5,0.064298618,0.935701382,43897.59,0.349235448,0.650764552,43884.05,0.512154741,0.487845259,43900
2022/2/8 9:48:37,0.088479174,0.911520826,43858.5,0.335139831,0.664860169,43894.64,0.405921405,0.594078595,43884.05,0.594297537,0.405702463,43900
2022/2/8 9:48:46,0.054430132,0.945569868,43860,0.075274764,0.924725236,43897.49,0.530220406,0.469779594,43884.05,0.268494936,0.731505064,43900
2022/2/8 9:48:54,0.057738716,0.942261284,43860,0.305250114,0.694749886,43897.51,0.371973372,0.628026628,43884.05,0.483727329,0.516272671,43900
2022/2/8 9:49:03,0.151191305,0.848808695,43861.5,0.223454013,0.776545987,43894.01,0.364397206,0.635602794,43884.05,0.508923772,0.491076228,43900
2022/2/8 9:49:11,0.052162608,0.947837392,43862,0.154860919,0.845139081,43894.87,0.414214516,0.585785484,43884.05,0.319780214,0.680219786,43897
2022/2/8 9:49:19,0.029053866,0.970946134,43862,0.152294284,0.847705716,43895.8,0.328448759,0.671551241,43884.05,0.57594848,0.42405152,43897
2022/2/8 9:49:27,0.022385458,0.977614542,43861.5,0.649447738,0.350552262,43894,0.387055264,0.612944736,43884.05,0.582061651,0.417938349,43900
2022/2/8 9:49:36,0.024859787,0.975140213,43862,0.107430809,0.892569191,43895.79,0.501495638,0.498504362,43897.17,0.534702865,0.465297135,43896
2022/2/8 9:49:44,0.081582028,0.918417972,43861.5,0.651527064,0.348472936,43883.81,0.228750132,0.771249868,43897.17,0.592717454,0.407282546,43893
2022/2/8 9:49:52,0.374647965,0.625352035,43862,0.314729448,0.685270552,43882.53,0.518616659,0.481383341,43897.17,0.301667336,0.698332664,43889
2022/2/8 9:50:00,0.313654918,0.686345082,43861.5,0.408387002,0.591612998,43890,0.436599921,0.563400079,43897.17,0.415046082,0.584953918,43890
2022/2/8 9:50:09,0.253917075,0.746082925,43861.5,0.290466733,0.709533267,43889.97,0.53364238,0.46635762,43897.17,0.476040009,0.523959991,43891
2022/2/8 9:50:18,0.051370124,0.948629876,43861.5,0.761019561,0.238980439,43897.57,0.448158707,0.551841293,43897.17,0.487628954,0.512371046,43904
2022/2/8 9:50:26,0.025415841,0.974584159,43870,0.301314274,0.698685726,43916.8,0.322961318,0.677038682,43917.72,0.501498123,0.498501877,43906
2022/2/8 9:50:34,0.48291098,0.51708902,43895,0.631020884,0.368979116,43911.44,0.382690657,0.617309343,43917.72,0.507580381,0.492419619,43911
2022/2/8 9:50:43,0.9389946,0.0610054,43879,0.849856423,0.150143577,43890.4,0.321467556,0.678532444,43897.17,0.429849903,0.570150097,43900
2022/2/8 9:50:51,0.560525296,0.439474704,43879,0.144007034,0.855992966,43895.77,0.432630872,0.567369128,43897.17,0.687930124,0.312069876,43898
2022/2/8 9:51:00,0.672385126,0.327614874,43879.5,0.950068255,0.049931745,43893.08,0.485635873,0.514364127,43894.02,0.383465308,0.616534692,43892
2022/2/8 9:51:08,0.763345887,0.236654113,43871.5,0.550163093,0.449836907,43883.8,0.426632785,0.573367215,43894.02,0.878342129,0.121657871,43892
2022/2/8 9:51:16,0.326156914,0.673843086,43871.5,0.070590385,0.929409615,43900.01,0.568667061,0.431332939,43897.52,0.843374479,0.156625521,43890
2022/2/8 9:51:25,0.269296436,0.730703564,43872,0.935404733,0.064595267,43905,0.424713378,0.575286622,43917.35,0.279801009,0.720198991,43898
2022/2/8 9:51:33,0.049417548,0.950582452,43872,0.494534369,0.505465631,43908.79,0.508030593,0.491969407,43917.35,0.417016033,0.582983967,43899
2022/2/8 9:51:41,0.441522131,0.558477869,43872,0.751610106,0.248389894,43893.41,0.465154992,0.534845008,43880.66,0.355449001,0.644550999,43896
2022/2/8 9:51:49,0.734789703,0.265210297,43872,0.45494621,0.54505379,43884.49,0.452787934,0.547212066,43880.66,0.639950636,0.360049364,43886
2022/2/8 9:51:57,0.447081982,0.552918018,43853.5,0.581696195,0.418303805,43866.1,0.563077812,0.436922188,43872.18,0.500080594,0.499919406,43874
2022/2/8 9:52:12,0.166260361,0.833739639,43859,0.662775574,0.337224426,43895.56,0.484036502,0.515963498,43873.83,0.300090092,0.699909908,43889
2022/2/8 9:52:21,0.534089812,0.465910188,43867,0.85384388,0.14615612,43875,0.427143598,0.572856402,43904.57,0.695236871,0.304763129,43881
2022/2/8 9:52:29,0.840797143,0.159202857,43859,0.725225138,0.274774862,43877.78,0.521908673,0.478091327,43904.57,0.566590107,0.433409893,43881
2022/2/8 9:52:37,0.851353299,0.148646701,43845,0.959409608,0.040590392,43856.37,0.280931871,0.719068129,43869.4,0.676921993,0.323078007,43856
2022/2/8 9:52:45,0.851091539,0.148908461,43840,0.413883231,0.586116769,43869.47,0.320646939,0.679353061,43868.06,0.515141353,0.484858647,43878
2022/2/8 9:52:53,0.258799597,0.741200403,43840,0.68119959,0.31880041,43869.02,0.440960122,0.559039878,43877.43,0.241957434,0.758042566,43878
2022/2/8 9:53:01,0.255498673,0.744501327,43842,0.565211979,0.434788021,43862.56,0.448997893,0.551002107,43863.84,0.265978725,0.734021275,43878
2022/2/8 9:53:13,0.367115516,0.632884484,43845,0.648699387,0.351300613,43857.56,0.320511167,0.679488833,43863.84,0.220159441,0.779840559,43855
2022/2/8 9:53:21,0.746844253,0.253155747,43845,0.8205593,0.1794407,43856.03,0.476161851,0.523838149,43863.84,0.186746208,0.813253792,43855
2022/2/8 9:53:31,0.633802019,0.366197981,43845,0.557039588,0.442960412,43860.78,0.496689919,0.503310081,43863.84,0.336369407,0.663630593,43853
2022/2/8 9:53:39,0.426158889,0.573841111,43845,0.387442245,0.612557755,43860.21,0.431920019,0.568079981,43863.84,0.528887459,0.471112541,43853
2022/2/8 9:53:47,0.311927179,0.688072821,43845.5,0.754269895,0.245730105,43855.9,0.348635746,0.651364254,43854.7,0.750738737,0.249261263,43869
2022/2/8 9:53:59,0.542933748,0.457066252,43845.5,0.587996708,0.412003292,43862.21,0.413633731,0.586366269,43854.7,0.374642633,0.625357367,43857
2022/2/8 9:54:07,0.425420871,0.574579129,43845,0.717284142,0.282715858,43871.3,0.379943126,0.620056874,43866.21,0.404025457,0.595974543,43875
2022/2/8 9:54:18,0.393291733,0.606708267,43848.5,0.53236147,0.46763853,43879.29,0.469458122,0.530541878,43872.1,0.457563435,0.542436565,43870
2022/2/8 9:54:27,0.613826946,0.386173054,43856,0.468454266,0.531545734,43867.98,0.463690191,0.536309809,43872.1,0.232048436,0.767951564,43870
2022/2/8 9:54:35,0.539550312,0.460449688,43856,0.513153665,0.486846335,43870.95,0.50599196,0.49400804,43872.1,0.348892514,0.651107486,43867
2022/2/8 9:54:45,0.672532127,0.327467873,43856,0.562351632,0.437648368,43863.86,0.47566174,0.52433826,43872.1,0.297363585,0.702636415,43867
2022/2/8 9:54:54,0.91158149,0.08841851,43852.5,0.760901046,0.239098954,43857.44,0.473876456,0.526123544,43872.1,0.454739451,0.545260549,43867
2022/2/8 9:55:04,0.872393686,0.127606314,43848,0.453976842,0.546023158,43851.73,0.593322092,0.406677908,43872.1,0.360246488,0.639753512,43860
2022/2/8 9:55:13,0.913832362,0.086167638,43848.5,0.742029938,0.257970062,43856.28,0.451396666,0.548603334,43872.1,0.561908868,0.438091132,43860
2022/2/8 9:55:21,0.463011236,0.536988764,43848.5,0.538358124,0.461641876,43862.84,0.528713263,0.471286737,43872.1,0.498920458,0.501079542,43860
2022/2/8 9:55:29,0.749918946,0.250081054,43848.5,0.885145645,0.114854355,43856.91,0.473364883,0.526635117,43872.1,0.498311325,0.501688675,43875
2022/2/8 9:55:37,0.991195562,0.008804438,43844.5,0.854566289,0.145433711,43840.66,0.546130929,0.453869071,43872.1,0.499280842,0.500719158,43842
2022/2/8 9:55:46,0.76276056,0.23723944,43820,0.644313621,0.355686379,43825.88,0.52454313,0.47545687,43872.1,0.315839305,0.684160695,43825
2022/2/8 9:55:57,0.623487719,0.376512281,43820,0.608834486,0.391165514,43836.13,0.480143832,0.519856168,43829.7,0.425571332,0.574428668,43825
2022/2/8 9:56:05,0.266269764,0.733730236,43820.5,0.66750704,0.33249296,43844.09,0.494707461,0.505292539,43838.11,0.365941139,0.634058861,43846
2022/2/8 9:56:15,0.313940195,0.686059805,43820,0.095753722,0.904246278,43842.19,0.481463592,0.518536408,43838.11,0.489932579,0.510067421,43843
2022/2/8 9:56:28,0.335171505,0.664828495,43820.5,0.322093244,0.677906756,43840.01,0.462484668,0.537515332,43837.14,0.675530274,0.324469726,43843
2022/2/8 9:56:37,0.6949016,0.3050984,43820.5,0.213960919,0.786039081,43830.01,0.493249905,0.506750095,43830.38,0.328434354,0.671565646,43834
2022/2/8 9:56:45,0.844278086,0.155721914,43820,0.936105349,0.063894651,43824.65,0.545128101,0.454871899,43830.38,0.488363679,0.511636321,43821
2022/2/8 9:56:55,0.846420346,0.153579654,43820,0.962205385,0.037794615,43814.83,0.446049588,0.553950412,43830.38,0.549362129,0.450637871,43818
2022/2/8 9:57:03,0.366695651,0.633304349,43800.5,0.458321859,0.541678141,43816.91,0.535758259,0.464241741,43830.38,0.488911819,0.511088181,43818
2022/2/8 9:57:12,0.386871163,0.613128837,43800,0.287182694,0.712817306,43816.93,0.582558892,0.417441108,43830.38,0.51222498,0.48777502,43821
2022/2/8 9:57:21,0.405543372,0.594456628,43800.5,0.697953267,0.302046733,43818.77,0.507703181,0.492296819,43830.38,0.501817652,0.498182348,43820
2022/2/8 9:57:30,0.407853861,0.592146139,43800,0.753710611,0.246289389,43821.83,0.49543888,0.50456112,43830.38,0.376756814,0.623243186,43820
2022/2/8 9:57:38,0.42723958,0.57276042,43800,0.730623032,0.269376968,43821.76,0.485199152,0.514800848,43830.38,0.328081892,0.671918108,43820
2022/2/8 9:57:46,0.851359038,0.148640962,43800,0.594690286,0.405309714,43806.65,0.395612382,0.604387618,43830.38,0.557352831,0.442647169,43816
2022/2/8 9:57:56,0.505853222,0.494146778,43790,0.364934755,0.635065245,43804.06,0.488170779,0.511829221,43807.75,0.655621945,0.344378055,43802
2022/2/8 9:58:05,0.516367175,0.483632825,43790,0.167500565,0.832499435,43807.19,0.55676524,0.44323476,43807.75,0.507447315,0.492552685,43809
2022/2/8 9:58:15,0.1691412,0.8308588,43800,0.738919338,0.261080662,43829.73,0.466837527,0.533162473,43815.65,0.376362305,0.623637695,43809
2022/2/8 9:58:23,0.238424763,0.761575237,43800,0.260832515,0.739167485,43827.5,0.416031903,0.583968097,43815.65,0.622946725,0.377053275,43832
2022/2/8 9:58:32,0.248030726,0.751969274,43799.5,0.271147417,0.728852583,43827.51,0.466346921,0.533653079,43834.8,0.637415755,0.362584245,43832
2022/2/8 9:58:41,0.279382166,0.720617834,43800,0.781333428,0.218666572,43828.63,0.638896992,0.361103008,43823.08,0.501286853,0.498713147,43832
2022/2/8 9:58:50,0.466123346,0.533876654,43799.5,0.614434929,0.385565071,43823.52,0.569741022,0.430258978,43823.08,0.285447708,0.714552292,43832
2022/2/8 9:59:00,0.45462972,0.54537028,43799.5,0.670019533,0.329980467,43824.62,0.626731324,0.373268676,43823.08,0.33114534,0.66885466,43832
2022/2/8 9:59:08,0.371893435,0.628106565,43800,0.129786409,0.870213591,43830,0.63403071,0.36596929,43839.43,0.192174785,0.807825215,43840
2022/2/8 9:59:16,0.21039624,0.78960376,43818,0.621268137,0.378731863,43840.07,0.532894764,0.467105236,43848.32,0.544808051,0.455191949,43850
2022/2/8 9:59:25,0.339955458,0.660044542,43818,0.580236358,0.419763642,43844.75,0.5514814,0.4485186,43851.72,0.317241625,0.682758375,43843
2022/2/8 9:59:34,0.229200462,0.770799538,43818,0.873074397,0.126925603,43844.75,0.392945401,0.607054599,43851.72,0.501780087,0.498219913,43844
2022/2/8 9:59:42,0.364353255,0.635646745,43817.5,0.553410457,0.446589543,43841.39,0.561014673,0.438985327,43851.72,0.269059902,0.730940098,43844
2022/2/8 9:59:50,0.264552925,0.735447075,43817.5,0.211640647,0.788359353,43850,0.592964181,0.407035819,43851.72,0.269057259,0.730942741,43844
2022/2/8 9:59:58,0.285206022,0.714793978,43817.5,0.573328466,0.426671534,43849.99,0.552436051,0.447563949,43851.72,0.740675773,0.259324227,43848
2022/2/8 10:00:06,0.932455844,0.067544156,43803,0.539522234,0.460477766,43814.65,0.714851555,0.285148445,43851.72,0.394593981,0.605406019,43818
2022/2/8 10:00:17,0.896951779,0.103048221,43800,0.824850091,0.175149909,43810,0.339023185,0.660976815,43851.72,0.664265203,0.335734797,43809
2022/2/8 10:00:26,0.668832164,0.331167836,43798.5,0.582485912,0.417514088,43816.88,0.413769105,0.586230895,43812.85,0.268504666,0.731495334,43805
2022/2/8 10:00:34,0.56603425,0.43396575,43799,0.688973837,0.311026163,43816.89,0.53921149,0.46078851,43808.65,0.247344404,0.752655596,43805
2022/2/8 10:00:42,0.884706973,0.115293027,43798.5,0.461314605,0.538685395,43809.23,0.343295555,0.656704445,43808.65,0.340707241,0.659292759,43807
2022/2/8 10:00:53,0.760288233,0.239711767,43798.5,0.682457803,0.317542197,43815.85,0.519991795,0.480008205,43795.97,0.347954183,0.652045817,43807
2022/2/8 10:01:01,0.78724361,0.21275639,43798.5,0.83123376,0.16876624,43813.64,0.544139464,0.455860536,43795.97,0.418703106,0.581296894,43816
2022/2/8 10:01:10,0.182557273,0.817442727,43799,0.13949209,0.86050791,43830.19,0.557313402,0.442686598,43822,0.482338547,0.517661453,43832
2022/2/8 10:01:20,0.232435641,0.767564359,43812.5,0.19262804,0.80737196,43839.77,0.656391891,0.343608109,43822,0.48901989,0.51098011,43835
2022/2/8 10:01:29,0.251861637,0.748138363,43812.5,0.664466229,0.335533771,43844.75,0.636591456,0.363408544,43835.65,0.449968883,0.550031117,43840
2022/2/8 10:01:38,0.26392079,0.73607921,43812,0.108386784,0.891613216,43840.38,0.610414087,0.389585913,43835.65,0.451250828,0.548749172,43840
2022/2/8 10:01:46,0.27404261,0.72595739,43812.5,0.2011111,0.7988889,43844.75,0.587355512,0.412644488,43835.65,0.639958996,0.360041004,43840
2022/2/8 10:01:55,0.248103192,0.751896808,43812.5,0.310338048,0.689661952,43841.88,0.539518913,0.460481087,43835.65,0.618558412,0.381441588,43837
2022/2/8 10:02:04,0.415802794,0.584197206,43812,0.531574068,0.468425932,43830.84,0.59416493,0.40583507,43835.65,0.465005833,0.534994167,43833
2022/2/8 10:02:13,0.385914492,0.614085508,43812.5,0.271360307,0.728639693,43837.28,0.645553937,0.354446063,43833.12,0.428517625,0.571482375,43834
2022/2/8 10:02:22,0.428414442,0.571585558,43812.5,0.688794752,0.311205248,43834.48,0.686945424,0.313054576,43833.12,0.592204669,0.407795331,43834
2022/2/8 10:02:30,0.277800913,0.722199087,43812.5,0.365253672,0.634746328,43845,0.564903008,0.435096992,43841.47,0.46004578,0.53995422,43846
2022/2/8 10:02:38,0.021959827,0.978040173,43820.5,0.225801059,0.774198941,43860.74,0.581838042,0.418161958,43841.47,0.510016316,0.489983684,43862
2022/2/8 10:02:47,0.420692511,0.579307489,43844,0.729447734,0.270552266,43867.55,0.598952531,0.401047469,43870.93,0.314991578,0.685008422,43866
2022/2/8 10:02:56,0.287997105,0.712002895,43844,0.858925752,0.141074248,43879.39,0.635139323,0.364860677,43870.93,0.478890695,0.521109305,43870
2022/2/8 10:03:05,0.330802986,0.669197014,43844,0.593616041,0.406383959,43875.99,0.718574622,0.281425378,43870.93,0.324852152,0.675147848,43870
2022/2/8 10:03:12,0.227034723,0.772965277,43846.5,0.6712056,0.3287944,43879.99,0.611851918,0.388148082,43875.19,0.36077232,0.63922768,43870
2022/2/8 10:03:21,0.323031478,0.676968522,43867.5,0.905274101,0.094725899,43880.01,0.526304173,0.473695827,43892.08,0.295105883,0.704894117,43884
2022/2/8 10:03:31,0.188335541,0.811664459,43867,0.651189859,0.348810141,43900,0.674545439,0.325454561,43875.65,0.444167476,0.555832524,43901
2022/2/8 10:03:39,0.064607924,0.935392076,43879,0.671893338,0.328106662,43918.82,0.606344023,0.393655977,43910.72,0.498929662,0.501070338,43911
2022/2/8 10:03:47,0.773826861,0.226173139,43896,0.647421833,0.352578167,43910.87,0.663259217,0.336740783,43906.11,0.646117406,0.353882594,43907
2022/2/8 10:03:56,0.267471443,0.732528557,43895.5,0.844393796,0.155606204,43924.3,0.554701879,0.445298121,43924.12,0.474407881,0.525592119,43922
2022/2/8 10:04:13,0.223060042,0.776939958,43900,0.300501363,0.699498637,43915.37,0.585175484,0.414824516,43914.03,0.636339721,0.363660279,43915
2022/2/8 10:04:27,0.649904207,0.350095793,43899.5,0.186839802,0.813160198,43917.77,0.688262475,0.311737525,43900.8,0.380058501,0.619941499,43915
2022/2/8 10:04:36,0.709473108,0.290526892,43900,0.269395044,0.730604956,43914.18,0.725475614,0.274524386,43900.8,0.658705461,0.341294539,43911
2022/2/8 10:04:44,0.63132099,0.36867901,43900,0.020788949,0.979211051,43924.16,0.609474295,0.390525705,43900.8,0.509519816,0.490480184,43911
2022/2/8 10:04:53,0.354477703,0.645522297,43899.5,0.600268879,0.399731121,43922.42,0.53261128,0.46738872,43900.8,0.459221374,0.540778626,43911
2022/2/8 10:05:01,0.284180236,0.715819764,43900,0.877051854,0.122948146,43931.61,0.594687151,0.405312849,43928.24,0.325909133,0.674090867,43924
2022/2/8 10:05:10,0.347774857,0.652225143,43900,0.275189962,0.724810038,43927.38,0.593433086,0.406566914,43928.24,0.394974797,0.605025203,43925
2022/2/8 10:05:18,0.967233564,0.032766436,43899.5,0.305313688,0.694686312,43904.64,0.679468517,0.320531483,43928.24,0.512005679,0.487994321,43925
2022/2/8 10:05:26,0.880159261,0.119840739,43896,0.304340021,0.695659979,43903.8,0.717279662,0.282720338,43928.24,0.632897191,0.367102809,43905
2022/2/8 10:05:35,0.492629874,0.507370126,43895.5,0.439321652,0.560678348,43913.65,0.724283738,0.275716262,43911.63,0.546170424,0.453829576,43915
2022/2/8 10:05:43,0.478836455,0.521163545,43896,0.253345485,0.746654515,43922.98,0.589764016,0.410235984,43911.63,0.527539821,0.472460179,43915
2022/2/8 10:05:52,0.412016594,0.587983406,43917.5,0.723090737,0.276909263,43926.98,0.504659017,0.495340983,43929.3,0.514158523,0.485841477,43922
2022/2/8 10:06:01,0.621547649,0.378452351,43901,0.841314748,0.158685252,43915.87,0.72737332,0.27262668,43914.43,0.780035085,0.219964915,43914
2022/2/8 10:06:12,0.723478807,0.276521193,43900.5,0.868168955,0.131831045,43911.11,0.593101378,0.406898622,43900.01,0.704817057,0.295182943,43913
2022/2/8 10:06:20,0.045528234,0.954471766,43901,0.652916018,0.347083982,43936.69,0.561550644,0.438449356,43916.84,0.586869616,0.413130384,43933
2022/2/8 10:06:28,0.25340738,0.74659262,43907,0.754578965,0.245421035,43918.78,0.462995097,0.537004903,43919.1,0.678113021,0.321886979,43928
2022/2/8 10:06:37,0.326212771,0.673787229,43907.5,0.74885926,0.25114074,43928.18,0.485010561,0.514989439,43919.1,0.510836769,0.489163231,43928
2022/2/8 10:06:45,0.484086993,0.515913007,43907.5,0.342549437,0.657450563,43923.85,0.50907603,0.49092397,43919.1,0.389022319,0.610977681,43928
2022/2/8 10:06:54,0.590720316,0.409279684,43907,0.574792481,0.425207519,43924.9,0.589894981,0.410105019,43917.84,0.623811146,0.376188854,43928
2022/2/8 10:07:02,0.568266479,0.431733521,43907,0.797598567,0.202401433,43924.39,0.544461347,0.455538653,43917.84,0.563391274,0.436608726,43928
2022/2/8 10:07:11,0.571597933,0.428402067,43907.5,0.72794228,0.27205772,43924.41,0.530399508,0.469600492,43917.84,0.42211605,0.57788395,43928
2022/2/8 10:07:21,0.610008492,0.389991508,43907.5,0.848387105,0.151612895,43923.84,0.519715854,0.480284146,43916.73,0.65096491,0.34903509,43928
2022/2/8 10:07:29,0.750831735,0.249168265,43907,0.614880649,0.385119351,43915.86,0.551117232,0.448882768,43916.73,0.655617812,0.344382188,43919
2022/2/8 10:07:39,0.711307257,0.288692743,43907,0.67027335,0.32972665,43920.01,0.522398053,0.477601947,43921.44,0.334218492,0.665781508,43917
2022/2/8 10:07:49,0.70592515,0.29407485,43907.5,0.628030317,0.371969683,43915.36,0.583408578,0.416591422,43912.47,0.450664421,0.549335579,43915
2022/2/8 10:07:58,0.310522251,0.689477749,43907.5,0.281376359,0.718623641,43929.67,0.527294269,0.472705731,43912.47,0.621229932,0.378770068,43922
2022/2/8 10:08:07,0.298160232,0.701839768,43907.5,0.185285283,0.814714717,43925.45,0.484218825,0.515781175,43926.53,0.63488671,0.36511329,43926
2022/2/8 10:08:15,0.061848116,0.938151884,43909,0.688130837,0.311869163,43941.47,0.674585005,0.325414995,43942.22,0.450975843,0.549024157,43929
2022/2/8 10:08:23,0.516923622,0.483076378,43910,0.461334801,0.538665199,43927.23,0.574085685,0.425914315,43942.21,0.471874167,0.528125833,43929
2022/2/8 10:08:33,0.527593558,0.472406442,43910,0.525392219,0.474607781,43927.24,0.567117337,0.432882663,43942.21,0.310540874,0.689459126,43929
2022/2/8 10:08:42,0.524479038,0.475520962,43909.5,0.365703854,0.634296146,43928.1,0.549534133,0.450465867,43932.96,0.524448834,0.475551166,43929
2022/2/8 10:08:51,0.312184303,0.687815697,43910,0.922876096,0.077123904,43922.79,0.565817324,0.434182676,43932.96,0.48908848,0.51091152,43929
2022/2/8 10:09:00,0.687428711,0.312571289,43907,0.808315872,0.191684128,43912.04,0.552769725,0.447230275,43932.96,0.583350129,0.416649871,43921
2022/2/8 10:09:09,0.548074787,0.451925213,43895,0.80692578,0.19307422,43912.04,0.477922316,0.522077684,43932.96,0.567191104,0.432808896,43921
2022/2/8 10:09:18,0.59435111,0.40564889,43883,0.475911967,0.524088033,43906.61,0.580940116,0.419059884,43899.28,0.388876575,0.611123425,43904
2022/2/8 10:09:26,0.263109972,0.736890028,43883,0.528259098,0.471740902,43905.36,0.493773574,0.506226426,43887.07,0.630082518,0.369917482,43904
2022/2/8 10:09:34,0.29197382,0.70802618,43883.5,0.064731004,0.935268996,43905,0.545966956,0.454033044,43887.07,0.43979357,0.56020643,43910
2022/2/8 10:09:42,0.211508748,0.788491252,43883.5,0.770092794,0.229907206,43913.4,0.552520164,0.447479836,43887.07,0.480546105,0.519453895,43910
2022/2/8 10:09:51,0.092276878,0.907723122,43883.5,0.019533796,0.980466204,43922.31,0.507701855,0.492298145,43887.07,0.654896341,0.345103659,43910
2022/2/8 10:10:01,0.426879222,0.573120778,43883,0.73076442,0.26923558,43900,0.55780259,0.44219741,43904.48,0.816414936,0.183585064,43900
2022/2/8 10:10:10,0.307733449,0.692266551,43883.5,0.878187967,0.121812033,43900.76,0.335208281,0.664791719,43891.81,0.786482814,0.213517186,43900
2022/2/8 10:10:19,0.57422251,0.42577749,43883,0.537457416,0.462542584,43898.09,0.733178928,0.266821072,43891.81,0.716346976,0.283653024,43900
2022/2/8 10:10:27,0.204632758,0.795367242,43883.5,0.45450422,0.54549578,43910.27,0.611780824,0.388219176,43891.81,0.456453519,0.543546481,43900
2022/2/8 10:10:37,0.852756565,0.147243435,43883,0.791746361,0.208253639,43889.79,0.460219805,0.539780195,43891.81,0.784809427,0.215190573,43894
2022/2/8 10:10:46,0.354553932,0.645446068,43883.5,0.59456525,0.40543475,43910.86,0.59444222,0.40555778,43901.86,0.521287056,0.478712944,43911
2022/2/8 10:10:54,0.161358037,0.838641963,43887,0.489051169,0.510948831,43917.99,0.62425007,0.37574993,43901.86,0.472347995,0.527652005,43913
2022/2/8 10:11:02,0.116812667,0.883187333,43888.5,0.582405429,0.417594571,43920.89,0.490227259,0.509772741,43919.86,0.504258745,0.495741255,43913
2022/2/8 10:11:11,0.347950033,0.652049967,43888.5,0.425425364,0.574574636,43909.43,0.622848313,0.377151687,43899.95,0.495348968,0.504651032,43909
2022/2/8 10:11:20,0.823713159,0.176286841,43888.5,0.557269086,0.442730914,43890.91,0.638297052,0.361702948,43887.57,0.810135774,0.189864226,43900
2022/2/8 10:11:28,0.805869302,0.194130698,43884,0.631133613,0.368866387,43901.26,0.554013959,0.445986041,43887.57,0.673719398,0.326280602,43895
2022/2/8 10:11:36,0.833950322,0.166049678,43884.5,0.563444586,0.436555414,43899.32,0.759017941,0.240982059,43887.57,0.754908429,0.245091571,43901
2022/2/8 10:11:44,0.561421516,0.438578484,43884.5,0.224187512,0.775812488,43903.12,0.497512046,0.502487954,43887.57,0.570002833,0.429997167,43901
2022/2/8 10:11:52,0.699790117,0.300209883,43884,0.486646548,0.513353452,43896.87,0.431936315,0.568063685,43897.69,0.791795188,0.208204812,43906
2022/2/8 10:12:00,0.66781951,0.33218049,43884.5,0.330958722,0.669041278,43900.97,0.587058002,0.412941998,43890.8,0.579722068,0.420277932,43906
2022/2/8 10:12:09,0.39400129,0.60599871,43884,0.765959296,0.234040704,43915.94,0.521856575,0.478143425,43890.8,0.282233374,0.717766626,43908
2022/2/8 10:12:17,0.063985282,0.936014718,43884.5,0.692824898,0.307175102,43922.92,0.521172506,0.478827494,43890.8,0.589121663,0.410878337,43913
2022/2/8 10:12:26,0.195331636,0.804668364,43890,0.414958765,0.585041235,43923.37,0.567218655,0.432781345,43890.8,0.625766451,0.374233549,43923
2022/2/8 10:12:34,0.324276876,0.675723124,43890,0.313961867,0.686038133,43913.56,0.593791504,0.406208496,43890.8,0.561399027,0.438600973,43920
2022/2/8 10:12:42,0.562037869,0.437962131,43890,0.816161288,0.183838712,43903.84,0.585209003,0.414790997,43890.8,0.611439607,0.388560393,43913
2022/2/8 10:12:52,0.502955999,0.497044001,43889.5,0.592623772,0.407376228,43909.38,0.609672596,0.390327404,43890.8,0.609893248,0.390106752,43913
2022/2/8 10:13:01,0.287055859,0.712944141,43890,0.608220696,0.391779304,43919.59,0.569568397,0.430431603,43890.8,0.485951246,0.514048754,43907
2022/2/8 10:13:10,0.310702622,0.689297378,43890,0.625213826,0.374786174,43920.37,0.583075865,0.416924135,43919.35,0.612746672,0.387253328,43907
2022/2/8 10:13:19,0.217109186,0.782890814,43890,0.158243972,0.841756028,43923.4,0.602594807,0.397405193,43919.35,0.542071335,0.457928665,43907
2022/2/8 10:13:27,0.179510739,0.820489261,43890,0.110497876,0.889502124,43924.95,0.562967839,0.437032161,43929.17,0.496288868,0.503711132,43929
2022/2/8 10:13:36,0.140899173,0.859100827,43890,0.464317107,0.535682893,43931.84,0.567123113,0.432876887,43928.27,0.399781024,0.600218976,43929
2022/2/8 10:13:44,0.024201477,0.975798523,43895.5,0.214664663,0.785335337,43938.12,0.538966441,0.461033559,43928.27,0.49348049,0.50651951,43929
2022/2/8 10:13:53,0.016196153,0.983803847,43895,0.169198428,0.830801572,43938.24,0.521511017,0.478488983,43928.27,0.277931665,0.722068335,43929
2022/2/8 10:14:01,0.324561154,0.675438846,43917,0.201727676,0.798272324,43946,0.534096487,0.465903513,43928.27,0.204383753,0.795616247,43929
2022/2/8 10:14:09,0.316039705,0.683960295,43917,0.312581741,0.687418259,43952.28,0.427892606,0.572107394,43928.27,0.485727773,0.514272227,43947
2022/2/8 10:14:17,0.282765242,0.717234758,43917,0.40856191,0.59143809,43946.01,0.480990533,0.519009467,43928.27,0.396081523,0.603918477,43946
2022/2/8 10:14:27,0.279552504,0.720447496,43916.5,0.271664106,0.728335894,43946.01,0.443714271,0.556285729,43928.27,0.364246433,0.635753567,43946
2022/2/8 10:14:37,0.222798256,0.777201744,43917,0.14107179,0.85892821,43973.99,0.578052469,0.421947531,43969.29,0.348478013,0.651521987,43974
2022/2/8 10:14:45,0.72177777,0.27822223,43948,0.601354742,0.398645258,43965.28,0.657740478,0.342259522,43959.38,0.627140887,0.372859113,43957
2022/2/8 10:14:53,0.89213405,0.10786595,43927.5,0.686321835,0.313678165,43938,0.630466877,0.369533123,43944.75,0.682326516,0.317673484,43937
2022/2/8 10:15:02,0.853495174,0.146504826,43921,0.044500004,0.955499996,43952.26,0.675932791,0.324067209,43936.53,0.412922755,0.587077245,43946
2022/2/8 10:15:11,0.097201368,0.902798632,43921.5,0.221797312,0.778202688,43958.17,0.584396506,0.415603494,43936.53,0.382639635,0.617360365,43946
2022/2/8 10:15:20,0.206891615,0.793108385,43928,0.231513315,0.768486685,43956.51,0.602676433,0.397323567,43936.53,0.340733563,0.659266437,43952
2022/2/8 10:15:28,0.285178454,0.714821546,43928,0.765356053,0.234643947,43947.96,0.579376051,0.420623949,43936.53,0.257505536,0.742494464,43950
2022/2/8 10:15:37,0.486133745,0.513866255,43928,0.813779784,0.186220216,43945,0.55817014,0.44182986,43936.53,0.467173151,0.532826849,43943
2022/2/8 10:15:46,0.505120292,0.494879708,43928,0.2828963,0.7171037,43943.69,0.619598773,0.380401227,43936.53,0.538880518,0.461119482,43943
2022/2/8 10:15:54,0.183644714,0.816355286,43928,0.538760699,0.461239301,43957.35,0.537860014,0.462139986,43951.42,0.57196835,0.42803165,43957
2022/2/8 10:16:01,0.345807786,0.654192214,43928,0.403291027,0.596708973,43950.54,0.475794743,0.524205257,43957.85,0.276681095,0.723318905,43957
2022/2/8 10:16:10,0.285771967,0.714228033,43928,0.442723524,0.557276476,43954.19,0.541985154,0.458014846,43957.85,0.321753729,0.678246271,43952
2022/2/8 10:16:18,0.323400204,0.676599796,43928,0.546134007,0.453865993,43950.66,0.530810509,0.469189491,43957.85,0.394030754,0.605969246,43952
2022/2/8 10:16:28,0.3188799,0.6811201,43928,0.525278342,0.474721658,43950.55,0.573915159,0.426084841,43950.97,0.675510678,0.324489322,43952
2022/2/8 10:16:36,0.335564357,0.664435643,43927.5,0.153485422,0.846514578,43956.37,0.559714395,0.440285605,43950.97,0.49860042,0.50139958,43952
2022/2/8 10:16:44,0.081401399,0.918598601,43928,0.252181184,0.747818816,43960.65,0.481684099,0.518315901,43950.97,0.785039837,0.214960163,43952
2022/2/8 10:16:52,0.117110562,0.882889438,43928,0.129022198,0.870977802,43966.05,0.62779444,0.37220556,43950.97,0.526045842,0.473954158,43952
2022/2/8 10:17:01,0.05401326,0.94598674,43938,0.825933063,0.174066937,43978.02,0.525991263,0.474008737,43964.82,0.408632118,0.591367882,43978
2022/2/8 10:17:11,0.263019001,0.736980999,43941,0.622446853,0.377553147,43972.01,0.675686476,0.324313524,43964.82,0.311040268,0.688959732,43967
2022/2/8 10:17:19,0.199064997,0.800935003,43940.5,0.889183546,0.110816454,43954.19,0.638571868,0.361428132,43964.82,0.333419238,0.666580762,43952
2022/2/8 10:17:28,0.420350086,0.579649914,43928,0.596228706,0.403771294,43952.14,0.669667742,0.330332258,43964.82,0.406164663,0.593835337,43950
2022/2/8 10:17:36,0.404824991,0.595175009,43928.5,0.430218944,0.569781056,43952.15,0.655504515,0.344495485,43941.52,0.261412433,0.738587567,43950
2022/2/8 10:17:45,0.400993598,0.599006402,43928.5,0.497949369,0.502050631,43952.15,0.5389299,0.4610701,43937.89,0.302544843,0.697455157,43951
2022/2/8 10:17:55,0.191877753,0.808122247,43928.5,0.208481375,0.791518625,43960.93,0.573965703,0.426034297,43937.89,0.616052663,0.383947337,43961
2022/2/8 10:18:05,0.225537573,0.774462427,43928.5,0.368073973,0.631926027,43956.19,0.577321858,0.422678142,43937.89,0.672982269,0.327017731,43959
2022/2/8 10:18:14,0.312116372,0.687883628,43928,0.182219328,0.817780672,43952.48,0.643499663,0.356500337,43937.89,0.589201067,0.410798933,43959
2022/2/8 10:18:22,0.316672583,0.683327417,43928.5,0.10896455,0.89103545,43951.38,0.560324589,0.439675411,43937.89,0.230527436,0.769472564,43959
2022/2/8 10:18:31,0.300156814,0.699843186,43928.5,0.192623589,0.807376411,43969.06,0.683378609,0.316621391,43937.89,0.396315999,0.603684001,43972
2022/2/8 10:18:40,0.129237213,0.870762787,43934,0.291446172,0.708553828,43969.85,0.641107581,0.358892419,43959.66,0.44020745,0.55979255,43972
2022/2/8 10:18:49,0.182135453,0.817864547,43934,0.097534457,0.902465543,43972.94,0.519636917,0.480363083,43967.98,0.598749718,0.401250282,43975
2022/2/8 10:18:58,0.053720647,0.946279353,43933.5,0.485364674,0.514635326,43970.86,0.671509737,0.328490263,43962.59,0.615386607,0.384613393,43966
2022/2/8 10:19:07,0.230297995,0.769702005,43934,0.727189051,0.272810949,43964.52,0.731163081,0.268836919,43962.59,0.54770119,0.45229881,43966
2022/2/8 10:19:17,0.236360401,0.763639599,43934,0.395939011,0.604060989,43967.96,0.853940948,0.146059052,43967.44,0.642474982,0.357525018,43967
2022/2/8 10:19:25,0.173339337,0.826660663,43933.5,0.067813927,0.932186073,43969.59,0.535205919,0.464794081,43967.44,0.675624504,0.324375496,43967
2022/2/8 10:19:33,0.114006651,0.885993349,43933.5,0.602753547,0.397246453,43973.99,0.479989632,0.520010368,43975.62,0.321334527,0.678665473,43975
2022/2/8 10:19:41,0.062275182,0.937724818,43934,0.415293235,0.584706765,43973.98,0.482857771,0.517142229,43979.8,0.666121415,0.333878585,43975
2022/2/8 10:19:50,0.066589474,0.933410526,43934,0.05468614,0.94531386,43980,0.614855487,0.385144513,43979.8,0.464209902,0.535790098,43975
2022/2/8 10:19:58,0.041758435,0.958241565,43934,0.398612725,0.601387275,43977.58,0.616855481,0.383144519,43972.27,0.373211868,0.626788132,43972
2022/2/8 10:20:07,0.273999035,0.726000965,43933.5,0.417423303,0.582576697,43966.14,0.681474197,0.318525803,43964.82,0.773966727,0.226033273,43971
2022/2/8 10:20:17,0.234717332,0.765282668,43934,0.369134576,0.630865424,43966.78,0.620749235,0.379250765,43963.29,0.701395558,0.298604442,43967
2022/2/8 10:20:25,0.183632882,0.816367118,43934,0.478516889,0.521483111,43972.66,0.59290373,0.40709627,43963.29,0.57451628,0.42548372,43967
2022/2/8 10:20:34,0.074149553,0.925850447,43934,0.343275591,0.656724409,43970.62,0.575492723,0.424507277,43963.29,0.733647723,0.266352277,43967
2022/2/8 10:20:42,0.167028025,0.832971975,43933.5,0.202369521,0.797630479,43970.87,0.523337528,0.476662472,43963.29,0.722872656,0.277127344,43967
2022/2/8 10:20:50,0.11477582,0.88522418,43934,0.688886388,0.311113612,43971.31,0.576129251,0.423870749,43963.29,0.534122189,0.465877811,43967
2022/2/8 10:20:58,0.120621181,0.879378819,43934,0.530338211,0.469661789,43970.16,0.478951681,0.521048319,43964.61,0.820132918,0.179867082,43967
2022/2/8 10:21:07,0.214949544,0.785050456,43933.5,0.309664392,0.690335608,43972.12,0.723903438,0.276096562,43964.61,0.633796986,0.366203014,43967
2022/2/8 10:21:15,0.204671938,0.795328062,43934,0.619157321,0.380842679,43970,0.792626618,0.207373382,43971.69,0.653947594,0.346052406,43975
2022/2/8 10:21:24,0.251462269,0.748537731,43933.5,0.248980419,0.751019581,43967.74,0.618981011,0.381018989,43971.69,0.708100086,0.291899914,43965
2022/2/8 10:21:32,0.258659113,0.741340887,43934,0.24627074,0.75372926,43963.01,0.595096584,0.404903416,43971.69,0.378734386,0.621265614,43967
2022/2/8 10:21:43,0.148706493,0.851293507,43933.5,0.60865264,0.39134736,43968.28,0.869966445,0.130033555,43969.21,0.425068254,0.574931746,43965
2022/2/8 10:21:51,0.200955673,0.799044327,43934,0.666670656,0.333329344,43969.13,0.911332324,0.088667676,43969.21,0.721973306,0.278026694,43970
2022/2/8 10:21:59,0.21533435,0.78466565,43933.5,0.63109824,0.36890176,43970.4,0.617266975,0.382733025,43953.24,0.42751759,0.57248241,43968
2022/2/8 10:22:08,0.109034026,0.890965974,43934,0.526828341,0.473171659,43970.41,0.574946765,0.425053235,43963.8,0.479795038,0.520204962,43968
2022/2/8 10:22:16,0.255708345,0.744291655,43934,0.909584348,0.090415652,43965.74,0.602914045,0.397085955,43964.85,0.711212184,0.288787816,43964
2022/2/8 10:22:25,0.620573896,0.379426104,43933.5,0.52882713,0.47117287,43945.38,0.432252745,0.567747255,43944.21,0.599894746,0.400105254,43952
2022/2/8 10:22:33,0.910035321,0.089964679,43906.5,0.67617966,0.32382034,43920.7,0.601162408,0.398837592,43921.55,0.568322695,0.431677305,43921
2022/2/8 10:22:41,0.537615565,0.462384435,43890,0.471988963,0.528011037,43906.38,0.476742941,0.523257059,43921.55,0.714610375,0.285389625,43913
2022/2/8 10:22:51,0.197320765,0.802679235,43868,0.462324429,0.537675571,43902.41,0.554118289,0.445881711,43921.55,0.579923702,0.420076298,43901
2022/2/8 10:23:01,0.230811993,0.769188007,43868,0.32264083,0.67735917,43902.42,0.490337864,0.509662136,43908.83,0.608148597,0.391851403,43901
2022/2/8 10:23:09,0.342361547,0.657638453,43883.5,0.634361384,0.365638616,43907.83,0.526077721,0.473922279,43906.72,0.360402227,0.639597773,43906
2022/2/8 10:23:18,0.619017842,0.380982158,43883.5,0.495861555,0.504138445,43905.59,0.553448795,0.446551205,43907.17,0.612707736,0.387292264,43906
2022/2/8 10:23:26,0.634262132,0.365737868,43883.5,0.758836551,0.241163449,43905.59,0.534807349,0.465192651,43907.17,0.35,0.65,43901
2022/2/8 10:23:34,0.633278041,0.366721959,43883.5,0.53005342,0.46994658,43902.45,0.525355817,0.474644183,43892.67,0.55966792,0.44033208,43901
2022/2/8 10:23:43,0.486118473,0.513881527,43883,0.623668756,0.376331244,43909.11,0.592019751,0.407980249,43892.67,0.288574751,0.711425249,43905
2022/2/8 10:23:51,0.454222736,0.545777264,43883.5,0.377523723,0.622476277,43910.01,0.543140065,0.456859935,43892.67,0.310269578,0.689730422,43905
2022/2/8 10:24:00,0.448508197,0.551491803,43883.5,0.564741541,0.435258459,43911.21,0.57251738,0.42748262,43911.63,0.436942128,0.563057872,43925
2022/2/8 10:24:08,0.383809907,0.616190093,43883.5,0.376934184,0.623065816,43923.25,0.527261726,0.472738274,43916.71,0.447676059,0.552323941,43921
2022/2/8 10:24:21,0.307572039,0.692427961,43883.5,0.138890456,0.861109544,43920.4,0.541594188,0.458405812,43916.71,0.49698838,0.50301162,43921
2022/2/8 10:24:31,0.075553013,0.924446987,43883,0.114205999,0.885794001,43930.02,0.51818983,0.48181017,43937.8,0.458112338,0.541887662,43926
2022/2/8 10:24:39,0.068132978,0.931867022,43896,0.106605286,0.893394714,43935.82,0.542258037,0.457741963,43937.8,0.455258958,0.544741042,43928
2022/2/8 10:24:48,0.109688011,0.890311989,43895.5,0.30292521,0.69707479,43942.64,0.496817146,0.503182854,43934.67,0.374441665,0.625558335,43928
2022/2/8 10:24:58,0.02749313,0.97250687,43895.5,0.624358892,0.375641108,43945.81,0.444692746,0.555307254,43936.11,0.28494945,0.71505055,43937
2022/2/8 10:25:06,0.020689135,0.979310865,43913.5,0.215331359,0.784668641,43963.58,0.485062207,0.514937793,43954.35,0.51134621,0.48865379,43954
2022/2/8 10:25:14,0.33824757,0.66175243,43913.5,0.445862529,0.554137471,43939.66,0.606354549,0.393645451,43943.46,0.467361203,0.532638797,43937
2022/2/8 10:25:24,0.403934407,0.596065593,43913.5,0.3822067,0.6177933,43936.26,0.493276309,0.506723691,43943.46,0.400071919,0.599928081,43935
2022/2/8 10:25:32,0.423543945,0.576456055,43913.5,0.817237358,0.182762642,43933.97,0.506590381,0.493409619,43943.46,0.332881883,0.667118117,43933
2022/2/8 10:25:41,0.484003383,0.515996617,43904,0.306140271,0.693859729,43930.01,0.632115777,0.367884223,43943.46,0.433547389,0.566452611,43933
2022/2/8 10:25:49,0.476644721,0.523355279,43903.5,0.365724951,0.634275049,43930.01,0.599592697,0.400407303,43930.33,0.395800124,0.604199876,43922
2022/2/8 10:25:57,0.575126727,0.424873273,43899,0.255766485,0.744233515,43920.76,0.625962603,0.374037397,43930.33,0.428319665,0.571680335,43922
2022/2/8 10:26:05,0.379253904,0.620746096,43899.5,0.389482553,0.610517447,43936.12,0.558265011,0.441734989,43924.39,0.344292854,0.655707146,43919
2022/2/8 10:26:14,0.025330836,0.974669164,43933.5,0.937634902,0.062365098,43961.37,0.28887779,0.71112221,43957.51,0.384995779,0.615004221,43958
2022/2/8 10:26:23,0.989468214,0.010531786,43920,0.447174799,0.552825201,43931.73,0.598788185,0.401211815,43948.09,0.169642589,0.830357411,43939
2022/2/8 10:26:31,0.759983193,0.240016807,43910,0.812579239,0.187420761,43927,0.662548891,0.337451109,43948.09,0.175819167,0.824180833,43928
2022/2/8 10:26:41,0.708784987,0.291215013,43910.5,0.621991742,0.378008258,43925.01,0.5927969,0.4072031,43922.09,0.447210781,0.552789219,43928
2022/2/8 10:26:49,0.685816452,0.314183548,43896,0.594091433,0.405908567,43911.28,0.629387006,0.370612994,43905.85,0.658327959,0.341672041,43912
2022/2/8 10:26:57,0.712306295,0.287693705,43896,0.529409359,0.470590641,43915.41,0.570879347,0.429120653,43910.34,0.610956627,0.389043373,43912
2022/2/8 10:27:07,0.377824051,0.622175949,43896.5,0.379505521,0.620494479,43925.95,0.581068794,0.418931206,43910.34,0.257551981,0.742448019,43914
2022/2/8 10:27:15,0.311118165,0.688881835,43900,0.977575076,0.022424924,43920.77,0.527197464,0.472802536,43931.51,0.474268197,0.525731803,43936
2022/2/8 10:27:23,0.635456502,0.364543498,43900.5,0.243299046,0.756700954,43914.44,0.574239223,0.425760777,43915.62,0.494541549,0.505458451,43914
2022/2/8 10:27:31,0.598087838,0.401912162,43900,0.292315528,0.707684472,43917.4,0.647644027,0.352355973,43915.62,0.687526803,0.312473197,43914
2022/2/8 10:27:39,0.34701991,0.65298009,43900.5,0.710145108,0.289854892,43931.05,0.593879225,0.406120775,43915.62,0.420946601,0.579053399,43929
2022/2/8 10:27:47,0.347616897,0.652383103,43900,0.245703939,0.754296061,43933.98,0.623110902,0.376889098,43921.07,0.70009914,0.29990086,43929
2022/2/8 10:27:56,0.398679497,0.601320503,43900,0.650797731,0.349202269,43923.24,0.539000467,0.460999533,43924.77,0.637620907,0.362379093,43926
2022/2/8 10:28:04,0.412259531,0.587740469,43900,0.448723594,0.551276406,43920.7,0.594754648,0.405245352,43924.77,0.432384324,0.567615676,43918
2022/2/8 10:28:12,0.423694147,0.576305853,43900.5,0.411814002,0.588185998,43928.61,0.537950899,0.462049101,43924.77,0.47747099,0.52252901,43918
2022/2/8 10:28:21,0.383569084,0.616430916,43900,0.291584615,0.708415385,43923.29,0.50270803,0.49729197,43924.77,0.325771864,0.674228136,43931
2022/2/8 10:28:29,0.855249004,0.144750996,43900,0.442136736,0.557863264,43913.06,0.61227629,0.38772371,43919.45,0.534581616,0.465418384,43914
2022/2/8 10:28:37,0.398425979,0.601574021,43900.5,0.384762614,0.615237386,43930,0.487996848,0.512003152,43925.93,0.505657265,0.494342735,43921
2022/2/8 10:28:45,0.133293345,0.866706655,43900,0.512357179,0.487642821,43940.21,0.611293891,0.388706109,43925.93,0.346430861,0.653569139,43933
2022/2/8 10:28:54,0.052975025,0.947024975,43900.5,0.182533567,0.817466433,43950,0.48887492,0.51112508,43943.84,0.543895311,0.456104689,43950
2022/2/8 10:29:03,0.051164495,0.948835505,43910.5,0.389364107,0.610635893,43963.39,0.479589377,0.520410623,43953.47,0.398770463,0.601229537,43960
2022/2/8 10:29:11,0.225611584,0.774388416,43920,0.096151747,0.903848253,43954.99,0.747870957,0.252129043,43945.76,0.501115386,0.498884614,43960
2022/2/8 10:29:19,0.292287311,0.707712689,43920,0.582990494,0.417009506,43944.28,0.6408363,0.3591637,43945.42,0.447858402,0.552141598,43951
2022/2/8 10:29:27,0.361656393,0.638343607,43919.5,0.403029727,0.596970273,43949.51,0.62839557,0.37160443,43945.42,0.286629202,0.713370798,43951
2022/2/8 10:29:36,0.354821847,0.645178153,43919.5,0.41011167,0.58988833,43952.19,0.736188199,0.263811801,43945.42,0.486824108,0.513175892,43946
2022/2/8 10:29:45,0.194089503,0.805910497,43920,0.158771302,0.841228698,43956.38,0.538588765,0.461411235,43946.7,0.553687926,0.446312074,43955
2022/2/8 10:29:53,0.185983589,0.814016411,43919.5,0.338403071,0.661596929,43960.17,0.50265017,0.49734983,43954.88,0.395002824,0.604997176,43957
2022/2/8 10:30:02,0.1341432,0.8658568,43925,0.566929737,0.433070263,43966,0.566038881,0.433961119,43962.45,0.5096693,0.4903307,43966
2022/2/8 10:30:13,0.426770417,0.573229583,43925,0.743615878,0.256384122,43952.49,0.566294912,0.433705088,43954.79,0.483335982,0.516664018,43957
2022/2/8 10:30:21,0.460756922,0.539243078,43924.5,0.112024471,0.887975529,43950.87,0.604699272,0.395300728,43954.79,0.465239178,0.534760822,43957
2022/2/8 10:30:29,0.421003214,0.578996786,43925,0.8162358,0.1837642,43945.88,0.534660066,0.465339934,43945.41,0.659783278,0.340216722,43949
2022/2/8 10:30:38,0.843057572,0.156942428,43924.5,0.890415018,0.109584982,43939.6,0.620456349,0.379543651,43932.96,0.568130426,0.431869574,43936
2022/2/8 10:30:47,0.648557195,0.351442805,43924.5,0.250262315,0.749737685,43945.56,0.410429987,0.589570013,43943.98,0.446104161,0.553895839,43937
2022/2/8 10:30:55,0.305049298,0.694950702,43924.5,0.287963895,0.712036105,43955.03,0.332115099,0.667884901,43943.98,0.33514266,0.66485734,43959
2022/2/8 10:31:06,0.323170106,0.676829894,43925,0.695292605,0.304707395,43954.69,0.43716085,0.56283915,43958.69,0.344789122,0.655210878,43959
2022/2/8 10:31:16,0.34831118,0.65168882,43925,0.115877979,0.884122021,43959.64,0.49794154,0.50205846,43949.98,0.465982844,0.534017156,43961
2022/2/8 10:31:24,0.270139927,0.729860073,43924.5,0.448166801,0.551833199,43960.69,0.515579685,0.484420315,43965.53,0.406210438,0.593789562,43961
2022/2/8 10:31:35,0.15921046,0.84078954,43924.5,0.55115472,0.44884528,43968.99,0.480651219,0.519348781,43965.53,0.391816397,0.608183603,43969
2022/2/8 10:31:43,0.088141876,0.911858124,43930,0.317403299,0.682596701,43971.73,0.533906252,0.466093748,43965.53,0.432852291,0.567147709,43970
2022/2/8 10:31:53,0.032136772,0.967863228,43930.5,0.482602805,0.517397195,43972.16,0.470253075,0.529746925,43974.7,0.35557797,0.64442203,43971
2022/2/8 10:32:01,0.023667832,0.976332168,43930.5,0.709388556,0.290611444,43974.25,0.562817487,0.437182513,43974.7,0.324715357,0.675284643,43971
2022/2/8 10:32:10,0.192576956,0.807423044,43933,0.593746566,0.406253434,43969.22,0.444085747,0.555914253,43974.7,0.429884333,0.570115667,43970
2022/2/8 10:32:18,0.39020155,0.60979845,43933.5,0.445267924,0.554732076,43950,0.620402307,0.379597693,43954.68,0.677246398,0.322753602,43955
2022/2/8 10:32:27,0.482766394,0.517233606,43933.5,0.175929031,0.824070969,43959.86,0.456794575,0.543205425,43954.57,0.231219006,0.768780994,43955
2022/2/8 10:32:35,0.500551726,0.499448274,43933.5,0.730124929,0.269875071,43962.82,0.524396263,0.475603737,43954.57,0.519725557,0.480274443,43955
2022/2/8 10:32:43,0.460117317,0.539882683,43933.5,0.135780905,0.864219095,43963.71,0.51142507,0.48857493,43954.57,0.279148683,0.720851317,43955
2022/2/8 10:32:53,0.404179945,0.595820055,43933,0.122543572,0.877456428,43962.93,0.4748197,0.5251803,43954.57,0.400815564,0.599184436,43963
2022/2/8 10:33:00,0.410070641,0.589929359,43933,0.109714428,0.890285572,43962.85,0.478242758,0.521757242,43954.57,0.499385071,0.500614929,43963
2022/2/8 10:33:10,0.907675465,0.092324535,43933,0.977963538,0.022036462,43947.99,0.649016219,0.350983781,43945.29,0.741559015,0.258440985,43950
2022/2/8 10:33:19,0.921496573,0.078503427,43933,0.100833823,0.899166177,43951.56,0.588610771,0.411389229,43944.21,0.370837636,0.629162364,43950
2022/2/8 10:33:27,0.620654168,0.379345832,43933,0.262301471,0.737698529,43956.67,0.511733482,0.488266518,43957.13,0.371844704,0.628155296,43951
2022/2/8 10:33:35,0.623489445,0.376510555,43933,0.484571161,0.515428839,43954.72,0.503691957,0.496308043,43953.09,0.209823762,0.790176238,43951
2022/2/8 10:33:43,0.620906055,0.379093945,43933,0.483133534,0.516866466,43954.69,0.558705047,0.441294953,43953.09,0.195257666,0.804742334,43952
2022/2/8 10:33:53,0.628187683,0.371812317,43933.5,0.439610723,0.560389277,43956.01,0.505629534,0.494370466,43962.66,0.160475738,0.839524262,43955
2022/2/8 10:34:01,0.616171955,0.383828045,43933,0.74642934,0.25357066,43955.31,0.482628603,0.517371397,43954.91,0.316334276,0.683665724,43955
2022/2/8 10:34:09,0.938797414,0.061202586,43932,0.49814354,0.50185646,43945.99,0.517457538,0.482542462,43954.91,0.522374867,0.477625133,43950
2022/2/8 10:34:17,0.971026731,0.028973269,43924.5,0.121541194,0.878458806,43940,0.586154213,0.413845787,43941.24,0.324385802,0.675614198,43945
2022/2/8 10:34:25,0.367073757,0.632926243,43924.5,0.562924943,0.437075057,43946.41,0.458432963,0.541567037,43952.81,0.388458563,0.611541437,43950
2022/2/8 10:34:33,0.531711191,0.468288809,43924.5,0.812194448,0.187805552,43944.16,0.533661775,0.466338225,43952.81,0.222030459,0.777969541,43950
2022/2/8 10:34:44,0.552150598,0.447849402,43925,0.419258831,0.580741169,43941.37,0.509808229,0.490191771,43947.38,0.436123786,0.563876214,43945
2022/2/8 10:34:52,0.564613686,0.435386314,43925,0.64301241,0.35698759,43941.7,0.456129351,0.543870649,43947.38,0.495848572,0.504151428,43946
2022/2/8 10:35:01,0.488848838,0.511151162,43924.5,0.154019606,0.845980394,43957.02,0.475812642,0.524187358,43946.72,0.401636293,0.598363707,43956
2022/2/8 10:35:12,0.343613707,0.656386293,43925,0.134006205,0.865993795,43949,0.501627999,0.498372001,43961.1,0.362340131,0.637659869,43955
2022/2/8 10:35:21,0.17161981,0.82838019,43925,0.038773041,0.961226959,43962.83,0.460318151,0.539681849,43974.44,0.666261439,0.333738561,43968
2022/2/8 10:35:29,0.145537474,0.854462526,43924.5,0.693736802,0.306263198,43964.57,0.463590995,0.536409005,43974.44,0.739371477,0.260628523,43968
2022/2/8 10:35:37,0.238767452,0.761232548,43924.5,0.57287514,0.42712486,43964.57,0.477173972,0.522826028,43974.44,0.491111945,0.508888055,43968
2022/2/8 10:35:46,0.372185601,0.627814399,43925,0.857488877,0.142511123,43956.01,0.550010333,0.449989667,43943.39,0.525089403,0.474910597,43962
2022/2/8 10:35:54,0.315110874,0.684889126,43925,0.794858505,0.205141495,43959.14,0.469527038,0.530472962,43959.61,0.514230287,0.485769713,43959
2022/2/8 10:36:03,0.317219422,0.682780578,43925,0.816823848,0.183176152,43959.51,0.465185855,0.534814145,43959.61,0.39151618,0.60848382,43959
2022/2/8 10:36:11,0.324120217,0.675879783,43924.5,0.676075341,0.323924659,43959.14,0.390525756,0.609474244,43959.61,0.402795866,0.597204134,43959
2022/2/8 10:36:19,0.271093012,0.728906988,43924.5,0.58524561,0.41475439,43959.12,0.459211373,0.540788627,43955.63,0.596766979,0.403233021,43958
2022/2/8 10:36:27,0.453325979,0.546674021,43925,0.728385048,0.271614952,43949.55,0.534947318,0.465052682,43952.12,0.371837475,0.628162525,43950
2022/2/8 10:36:35,0.520975731,0.479024269,43925,0.660603971,0.339396029,43952.54,0.429423334,0.570576666,43945.6,0.513462675,0.486537325,43950
2022/2/8 10:36:43,0.482737865,0.517262135,43925,0.382556298,0.617443702,43945.15,0.233511001,0.766488999,43952.63,0.553599162,0.446400838,43951
2022/2/8 10:36:52,0.432598868,0.567401132,43925,0.514141551,0.485858449,43950.47,0.316413391,0.683586609,43952.63,0.52269406,0.47730594,43951
2022/2/8 10:37:00,0.431372383,0.568627617,43925,0.59663283,0.40336717,43949.96,0.335579802,0.664420198,43952.63,0.625306122,0.374693878,43951
2022/2/8 10:37:08,0.967164401,0.032835599,43915,0.393075457,0.606924543,43922.61,0.578044586,0.421955414,43931.55,0.364754424,0.635245576,43933
2022/2/8 10:37:16,0.446144176,0.553855824,43915.5,0.468072101,0.531927899,43944.28,0.436360008,0.563639992,43948.65,0.456389255,0.543610745,43949
2022/2/8 10:37:25,0.461605658,0.538394342,43915,0.755038291,0.244961709,43939.71,0.351339814,0.648660186,43948.65,0.40114969,0.59885031,43949
2022/2/8 10:37:34,0.385633649,0.614366351,43915.5,0.560240747,0.439759253,43952.53,0.45245371,0.54754629,43961.15,0.378384832,0.621615168,43943
2022/2/8 10:37:42,0.38267239,0.61732761,43915.5,0.567768626,0.432231374,43950.2,0.487259838,0.512740162,43941.96,0.480780615,0.519219385,43950
2022/2/8 10:37:50,0.435039239,0.564960761,43915.5,0.326607071,0.673392929,43948.4,0.407712473,0.592287527,43941.96,0.391417454,0.608582546,43951
2022/2/8 10:37:58,0.443228483,0.556771517,43915,0.273465695,0.726534305,43952.4,0.466191478,0.533808522,43941.96,0.624835064,0.375164936,43955
2022/2/8 10:38:07,0.41323225,0.58676775,43915,0.737396723,0.262603277,43949.39,0.48984995,0.51015005,43955.19,0.54780472,0.45219528,43955
2022/2/8 10:38:15,0.169286809,0.830713191,43925,0.400355574,0.599644426,43965.77,0.74493464,0.25506536,43964.39,0.371446173,0.628553827,43962
2022/2/8 10:38:23,0.116166434,0.883833566,43925,0.67859945,0.32140055,43968.54,0.74295248,0.25704752,43974.29,0.474950937,0.525049063,43966
2022/2/8 10:38:33,0.13406855,0.86593145,43926.5,0.610703054,0.389296946,43970.01,0.742485195,0.257514805,43974.29,0.297188163,0.702811837,43971
2022/2/8 10:38:41,0.15299742,0.84700258,43926,0.651290979,0.348709021,43966.59,0.792609248,0.207390752,43960.56,0.239730915,0.760269085,43971
2022/2/8 10:38:49,0.270504072,0.729495928,43926.5,0.779485509,0.220514491,43958.73,0.786661602,0.213338398,43955.46,0.573213129,0.426786871,43971
2022/2/8 10:38:57,0.277953723,0.722046277,43926.5,0.500027565,0.499972435,43959.56,0.455290067,0.544709933,43955.46,0.458133875,0.541866125,43971
2022/2/8 10:39:05,0.229403314,0.770596686,43926.5,0.071097646,0.928902354,43964.59,0.759541472,0.240458528,43969.82,0.178930153,0.821069847,43962
2022/2/8 10:39:13,0.13038323,0.86961677,43926.5,0.296024983,0.703975017,43968.13,0.392141783,0.607858217,43969.82,0.541929056,0.458070944,43962
2022/2/8 10:39:22,0.129950103,0.870049897,43926.5,0.770185055,0.229814945,43969.78,0.419743679,0.580256321,43969.82,0.404014403,0.595985597,43962
2022/2/8 10:39:31,0.125295618,0.874704382,43926.5,0.33814913,0.66185087,43969.74,0.398221414,0.601778586,43969.82,0.314643001,0.685356999,43962
2022/2/8 10:39:40,0.219317386,0.780682614,43926.5,0.696640921,0.303359079,43961.53,0.193817057,0.806182943,43969.82,0.178830805,0.821169195,43971
2022/2/8 10:39:48,0.143473656,0.856526344,43926.5,0.813308619,0.186691381,43969.74,0.381746424,0.618253576,43968.09,0.328525745,0.671474255,43968
2022/2/8 10:39:56,0.209317625,0.790682375,43926.5,0.681242237,0.318757763,43965.52,0.175423334,0.824576666,43964.46,0.411634463,0.588365537,43973
2022/2/8 10:40:04,0.225354315,0.774645685,43980,0.307066247,0.692933753,44015.07,0.458140975,0.541859025,44016.02,0.058877324,0.941122676,44022
2022/2/8 10:40:13,0.436999815,0.563000185,43980,0.660689372,0.339310628,44008.42,0.653378459,0.346621541,44024.22,0.511149319,0.488850681,44014
