,Bybit_ask,Bybit_bid,Bybit_tiker,Binance_ask,Binance_bid,Binance_tiker,Coinbase Pro_ask,Coinbase Pro_bid,Coinbase Pro_tiker,FTX_ask,FTX_bid,FTX_tiker,,,,,,,,,,,,
2022/2/7 19:22:45,0.570845353,0.429154647,42444,0.747056468,0.252943532,42462.32,0.547759856,0.452240144,42502.51,0.484864996,0.515135004,42460,,,,,,,,,,,,
2022/2/7 19:22:54,0.60745016,0.39254984,42444,0.7356421,0.2643579,42465.9,0.449480893,0.550519107,42502.51,0.450782526,0.549217474,42464,,,,,,,,,,,,
2022/2/7 19:23:02,0.613850826,0.386149174,42444.5,0.283263186,0.716736814,42464.07,0.49147431,0.50852569,42502.51,0.463735267,0.536264733,42464,,,,,,,,,,,,
2022/2/7 19:23:11,0.913040587,0.086959413,42444,0.384572918,0.615427082,42452.44,0.562763861,0.437236139,42456.97,0.349736874,0.650263126,42451,,,,,,,,,,,,
2022/2/7 19:23:20,0.243023137,0.756976863,42444.5,0.854748995,0.145251005,42473.56,0.473325425,0.526674575,42456.97,0.602079674,0.397920326,42466,,,,,,,,,,,,
2022/2/7 19:23:28,0.28838231,0.71161769,42444.5,0.338481522,0.661518478,42468.05,0.473081219,0.526918781,42456.91,0.686274736,0.313725264,42470,,,,,,,,,,,,
2022/2/7 19:23:37,0.266130308,0.733869692,42444,0.413547453,0.586452547,42472.28,0.508535983,0.491464017,42456.91,0.776208966,0.223791034,42470,,,,,,,,,,,,
2022/2/7 19:23:46,0.037746269,0.962253731,42444,0.482974462,0.517025538,42478.16,0.547798733,0.452201267,42462.61,0.554306935,0.445693065,42470,,,,,,,,,,,,
2022/2/7 19:23:54,0.154865734,0.845134266,42444,0.859658424,0.140341576,42473.56,0.504241998,0.495758002,42462.61,0.379898341,0.620101659,42477,,,,,,,,,,,,
2022/2/7 19:24:03,0.286338882,0.713661118,42444.5,0.669843004,0.330156996,42463.98,0.619389906,0.380610094,42462.61,0.238047899,0.761952101,42464,,,,,,,,,,,,
2022/2/7 19:24:11,0.374284343,0.625715657,42444.5,0.346332837,0.653667163,42465.68,0.424688793,0.575311207,42470.1,0.311058317,0.688941683,42463,,,,,,,,,,,,
2022/2/7 19:24:19,0.406712971,0.593287029,42444.5,0.248116915,0.751883085,42465.53,0.647034559,0.352965441,42470.1,0.271889317,0.728110683,42463,,,,,,,,,,,,
2022/2/7 19:24:28,0.539250894,0.460749106,42444.5,0.312485401,0.687514599,42460.51,0.581816074,0.418183926,42470.1,0.325542677,0.674457323,42464,,,,,,,,,,,,
2022/2/7 19:24:36,0.51970725,0.48029275,42444.5,0.377719222,0.622280778,42465.5,0.523333646,0.476666354,42452.07,0.292025976,0.707974024,42464,,,,,,,,,,,,
2022/2/7 19:24:45,0.676177253,0.323822747,42444,0.415117292,0.584882708,42465.26,0.682256091,0.317743909,42452.07,0.3190711,0.6809289,42464,,,,,,,,,,,,
2022/2/7 19:24:53,0.67924511,0.32075489,42444.5,0.23142103,0.76857897,42463.9,0.582661375,0.417338625,42452.07,0.259767143,0.740232857,42462,,,,,,,,,,,,
2022/2/7 19:25:01,0.71050886,0.28949114,42444.5,0.73589281,0.26410719,42460.55,0.583945597,0.416054403,42452.07,0.280699712,0.719300288,42462,,,,,,,,,,,,
2022/2/7 19:25:09,0.694231807,0.305768193,42444,0.744528817,0.255471183,42461.3,0.573401492,0.426598508,42452.07,0.335040719,0.664959281,42463,,,,,,,,,,,,
2022/2/7 19:25:17,0.341395411,0.658604589,42444,0.145010836,0.854989164,42473.56,0.370885876,0.629114124,42471.43,0.343667907,0.656332093,42466,,,,,,,,,,,,
2022/2/7 19:25:25,0.017414182,0.982585818,42473,0.069574569,0.930425431,42493.63,0.371119245,0.628880755,42492.53,0.64766104,0.35233896,42495,,,,,,,,,,,,
2022/2/7 19:25:34,0.397631443,0.602368557,42467,0.775854558,0.224145442,42489.15,0.483303999,0.516696001,42475.42,0.470393893,0.529606107,42488,,,,,,,,,,,,
2022/2/7 19:25:42,0.897552909,0.102447091,42454,0.38618267,0.61381733,42467.1,0.60174428,0.39825572,42473.3,0.497667512,0.502332488,42468,,,,,,,,,,,,
2022/2/7 19:25:51,0.755749993,0.244250007,42453.5,0.502022516,0.497977484,42470,0.62673814,0.37326186,42473.3,0.512295504,0.487704496,42468,,,,,,,,,,,,
2022/2/7 19:25:59,0.715216781,0.284783219,42454,0.144524997,0.855475003,42472.02,0.653616324,0.346383676,42472.28,0.569607532,0.430392468,42468,,,,,,,,,,,,
2022/2/7 19:26:07,0.693753219,0.306246781,42453.5,0.377621894,0.622378106,42476.71,0.35043624,0.64956376,42472.28,0.328681867,0.671318133,42485,,,,,,,,,,,,
2022/2/7 19:26:15,0.246499194,0.753500806,42462,0.536375256,0.463624744,42488.37,0.620298596,0.379701404,42472.28,0.432764513,0.567235487,42481,,,,,,,,,,,,
2022/2/7 19:26:24,0.006958482,0.993041518,42463,0.373608909,0.626391091,42499.99,0.596404218,0.403595782,42472.28,0.649842022,0.350157978,42499,,,,,,,,,,,,
2022/2/7 19:26:32,0.280567429,0.719432571,42475.5,0.25117941,0.74882059,42500,0.446743056,0.553256944,42472.28,0.388626071,0.611373929,42499,,,,,,,,,,,,
2022/2/7 19:26:42,0.322062703,0.677937297,42476,0.801132125,0.198867875,42503.42,0.517389616,0.482610384,42483.24,0.47819161,0.52180839,42498,,,,,,,,,,,,
2022/2/7 19:26:50,0.278865446,0.721134554,42475.5,0.086021976,0.913978024,42505,0.453741325,0.546258675,42485.37,0.316886329,0.683113671,42498,,,,,,,,,,,,
2022/2/7 19:26:59,0.351022123,0.648977877,42476,0.749195298,0.250804702,42490.12,0.446295965,0.553704035,42496.61,0.325748151,0.674251849,42510,,,,,,,,,,,,
2022/2/7 19:27:07,0.623602269,0.376397731,42475.5,0.837511211,0.162488789,42498.87,0.47896146,0.52103854,42483.65,0.262035763,0.737964237,42495,,,,,,,,,,,,
2022/2/7 19:27:16,0.415475903,0.584524097,42476,0.751496551,0.248503449,42504.71,0.376365474,0.623634526,42483.65,0.336459101,0.663540899,42496,,,,,,,,,,,,
2022/2/7 19:27:24,0.342093433,0.657906567,42475.5,0.407024513,0.592975487,42505.22,0.422785041,0.577214959,42508.5,0.220559536,0.779440464,42510,,,,,,,,,,,,
2022/2/7 19:27:32,0.524059004,0.475940996,42475.5,0.734410055,0.265589945,42496.02,0.487136784,0.512863216,42508.5,0.319971794,0.680028206,42502,,,,,,,,,,,,
2022/2/7 19:27:41,0.417944239,0.582055761,42475.5,0.356361113,0.643638887,42500.33,0.398849299,0.601150701,42502.81,0.386052796,0.613947204,42500,,,,,,,,,,,,
2022/2/7 19:27:50,0.41133405,0.58866595,42476,0.418693987,0.581306013,42503.46,0.476452237,0.523547763,42502.81,0.225021825,0.774978175,42503,,,,,,,,,,,,
2022/2/7 19:27:58,0.383567465,0.616432535,42475.5,0.77921297,0.22078703,42506.01,0.574089246,0.425910754,42502.81,0.421820518,0.578179482,42503,,,,,,,,,,,,
2022/2/7 19:28:06,0.285302515,0.714697485,42475.5,0.021181984,0.978818016,42514.37,0.536177561,0.463822439,42502.81,0.283668436,0.716331564,42515,,,,,,,,,,,,
2022/2/7 19:28:15,0.174627455,0.825372545,42476,0.748603919,0.251396081,42519.7,0.490063996,0.509936004,42502.81,0.217106631,0.782893369,42515,,,,,,,,,,,,
2022/2/7 19:28:24,0.048762316,0.951237684,42486.5,0.384739288,0.615260712,42526.62,0.453165141,0.546834859,42502.81,0.184521081,0.815478919,42525,,,,,,,,,,,,
2022/2/7 19:28:32,0.89774222,0.10225778,42476,0.635466569,0.364533431,42491.01,0.609339681,0.390660319,42484.42,0.316663625,0.683336375,42488,,,,,,,,,,,,
2022/2/7 19:28:40,0.684077205,0.315922795,42463,0.47870308,0.52129692,42470.73,0.538401404,0.461598596,42484.42,0.484495884,0.515504116,42471,,,,,,,,,,,,
2022/2/7 19:28:48,0.768887906,0.231112094,42451.5,0.828223165,0.171776835,42471.01,0.646598989,0.353401011,42484.42,0.29017008,0.70982992,42470,,,,,,,,,,,,
2022/2/7 19:28:56,0.768953117,0.231046883,42451,0.304554296,0.695445704,42481.88,0.632755561,0.367244439,42484.42,0.431908716,0.568091284,42471,,,,,,,,,,,,
2022/2/7 19:29:05,0.174010215,0.825989785,42462.5,0.393856599,0.606143401,42502.47,0.351293974,0.648706026,42484.42,0.28922599,0.71077401,42495,,,,,,,,,,,,
2022/2/7 19:29:13,0.543275462,0.456724538,42471,0.446610784,0.553389216,42490.77,0.480159874,0.519840126,42487.45,0.381822101,0.618177899,42496,,,,,,,,,,,,
2022/2/7 19:29:22,0.38373768,0.61626232,42471,0.588732416,0.411267584,42498.32,0.537686671,0.462313329,42487.44,0.422297129,0.577702871,42493,,,,,,,,,,,,
2022/2/7 19:29:30,0.399945625,0.600054375,42471,0.848448394,0.151551606,42498.33,0.565759303,0.434240697,42502.36,0.266758577,0.733241423,42493,,,,,,,,,,,,
2022/2/7 19:29:38,0.407858222,0.592141778,42471.5,0.792745073,0.207254927,42498.32,0.565749082,0.434250918,42502.36,0.152421506,0.847578494,42492,,,,,,,,,,,,
2022/2/7 19:29:47,0.851486964,0.148513036,42471,0.589886446,0.410113554,42486.17,0.595123371,0.404876629,42502.36,0.226598284,0.773401716,42484,,,,,,,,,,,,
2022/2/7 19:29:56,0.077640271,0.922359729,42456,0.267672882,0.732327118,42495.44,0.514280633,0.485719367,42470.3,0.298199768,0.701800232,42481,,,,,,,,,,,,
2022/2/7 19:30:05,0.19353139,0.80646861,42465,0.316939167,0.683060833,42495.45,0.531764738,0.468235262,42490.88,0.39329666,0.60670334,42497,,,,,,,,,,,,
2022/2/7 19:30:13,0.092914869,0.907085131,42471.5,0.484332991,0.515667009,42503.48,0.450632844,0.549367156,42490.88,0.468445766,0.531554234,42500,,,,,,,,,,,,
2022/2/7 19:30:22,0.158328748,0.841671252,42471,0.128474305,0.871525695,42503.48,0.496956379,0.503043621,42490.88,0.354801996,0.645198004,42498,,,,,,,,,,,,
2022/2/7 19:30:30,0.125745052,0.874254948,42471.5,0.251940803,0.748059197,42503.65,0.431221604,0.568778396,42490.88,0.317364713,0.682635287,42498,,,,,,,,,,,,
2022/2/7 19:30:39,0.149574636,0.850425364,42471.5,0.134684874,0.865315126,42503.48,0.521963195,0.478036805,42490.88,0.554156446,0.445843554,42497,,,,,,,,,,,,
2022/2/7 19:30:49,0.128475479,0.871524521,42481.5,0.728111123,0.271888877,42515.66,0.45049627,0.54950373,42490.88,0.428680898,0.571319102,42505,,,,,,,,,,,,
2022/2/7 19:30:57,0.190376685,0.809623315,42481,0.710704862,0.289295138,42513.33,0.408029621,0.591970379,42490.88,0.375490221,0.624509779,42505,,,,,,,,,,,,
2022/2/7 19:31:05,0.249631623,0.750368377,42481.5,0.724112651,0.275887349,42509.64,0.547137136,0.452862864,42490.88,0.245924995,0.754075005,42505,,,,,,,,,,,,
2022/2/7 19:31:13,0.240401161,0.759598839,42481.5,0.300441677,0.699558323,42509.65,0.691311831,0.308688169,42492.9,0.351876305,0.648123695,42500,,,,,,,,,,,,
2022/2/7 19:31:22,0.508379087,0.491620913,42481.5,0.911315233,0.088684767,42508.96,0.345149505,0.654850495,42495.95,0.3690559,0.6309441,42503,,,,,,,,,,,,
2022/2/7 19:31:31,0.459908196,0.540091804,42481,0.794016269,0.205983731,42505.78,0.575782919,0.424217081,42495.95,0.344505246,0.655494754,42500,,,,,,,,,,,,
2022/2/7 19:31:39,0.306794895,0.693205105,42481.5,0.666480984,0.333519016,42509.37,0.591893916,0.408106084,42495.95,0.461963795,0.538036205,42500,,,,,,,,,,,,
2022/2/7 19:31:47,0.075754287,0.924245713,42481.5,0.787929808,0.212070192,42515.63,0.526367249,0.473632751,42495.95,0.463540875,0.536459125,42511,,,,,,,,,,,,
2022/2/7 19:31:55,0.160534095,0.839465905,42481.5,0.074589842,0.925410158,42510.17,0.475269664,0.524730336,42495.95,0.310144472,0.689855528,42511,,,,,,,,,,,,
2022/2/7 19:32:05,0.334424422,0.665575578,42482,0.384959059,0.615040941,42501.71,0.574047862,0.425952138,42511.06,0.368390038,0.631609962,42500,,,,,,,,,,,,
2022/2/7 19:32:13,0.185672809,0.814327191,42486,0.829130082,0.170869918,42514.52,0.518002854,0.481997146,42508.03,0.295624031,0.704375969,42511,,,,,,,,,,,,
2022/2/7 19:32:21,0.667218867,0.332781133,42509,0.731360564,0.268639436,42525.7,0.506772151,0.493227849,42522.56,0.299201456,0.700798544,42528,,,,,,,,,,,,
2022/2/7 19:32:30,0.481708824,0.518291176,42508.5,0.887194341,0.112805659,42526.01,0.566655274,0.433344726,42522.56,0.153688845,0.846311155,42521,,,,,,,,,,,,
2022/2/7 19:32:39,0.532448158,0.467551842,42531,0.573990963,0.426009037,42545.94,0.331245616,0.668754384,42549.53,0.278219647,0.721780353,42537,,,,,,,,,,,,
2022/2/7 19:32:48,0.713894293,0.286105707,42528.5,0.228468008,0.771531992,42542.06,0.361423388,0.638576612,42549.53,0.241487863,0.758512137,42545,,,,,,,,,,,,
2022/2/7 19:32:56,0.495295194,0.504704806,42528,0.683298692,0.316701308,42545.17,0.560579479,0.439420521,42549.53,0.25392816,0.74607184,42544,,,,,,,,,,,,
2022/2/7 19:33:05,0.792826093,0.207173907,42528,0.789680607,0.210319393,42542.24,0.619307481,0.380692519,42549.53,0.477590599,0.522409401,42542,,,,,,,,,,,,
2022/2/7 19:33:13,0.472606397,0.527393603,42520.5,0.696321163,0.303678837,42542.24,0.196840234,0.803159766,42531.24,0.302045998,0.697954002,42547,,,,,,,,,,,,
2022/2/7 19:33:22,0.262388941,0.737611059,42520,0.361580787,0.638419213,42545.46,0.518127455,0.481872545,42531.24,0.373434579,0.626565421,42547,,,,,,,,,,,,
2022/2/7 19:33:30,0.279004102,0.720995898,42535,0.820884132,0.179115868,42551.39,0.683959727,0.316040273,42546.53,0.088270895,0.911729105,42556,,,,,,,,,,,,
2022/2/7 19:33:39,0.550416357,0.449583643,42545,0.509252182,0.490747818,42557.6,0.519177765,0.480822235,42546.53,0.227175956,0.772824044,42556,,,,,,,,,,,,
2022/2/7 19:33:48,0.714758453,0.285241547,42544.5,0.093346594,0.906653406,42559.65,0.634787571,0.365212429,42554.32,0.167004513,0.832995487,42555,,,,,,,,,,,,
2022/2/7 19:33:56,0.670512153,0.329487847,42544.5,0.810561579,0.189438421,42555.5,0.546821446,0.453178554,42554.32,0.064438661,0.935561339,42555,,,,,,,,,,,,
2022/2/7 19:34:05,0.706874938,0.293125062,42544.5,0.468803296,0.531196704,42556.73,0.486292312,0.513707688,42554.32,0.492945671,0.507054329,42555,,,,,,,,,,,,
2022/2/7 19:34:14,0.696514907,0.303485093,42545,0.357343293,0.642656707,42556.76,0.47128778,0.52871222,42554.32,0.403307221,0.596692779,42555,,,,,,,,,,,,
2022/2/7 19:34:23,0.74614225,0.25385775,42544.5,0.354417805,0.645582195,42557.41,0.491008984,0.508991016,42554.32,0.4157426,0.5842574,42559,,,,,,,,,,,,
2022/2/7 19:34:32,0.758033909,0.241966091,42545,0.213797921,0.786202079,42555.51,0.527722835,0.472277165,42546.91,0.473751988,0.526248012,42559,,,,,,,,,,,,
2022/2/7 19:34:41,0.775081552,0.224918448,42544.5,0.462033257,0.537966743,42551.39,0.413857189,0.586142811,42546.08,0.114109124,0.885890876,42554,,,,,,,,,,,,
2022/2/7 19:34:49,0.432368396,0.567631604,42544.5,0.522484939,0.477515061,42564.95,0.545702714,0.454297286,42569.46,0.089741252,0.910258748,42566,,,,,,,,,,,,
2022/2/7 19:34:57,0.266289022,0.733710978,42571,0.579250484,0.420749516,42590.8,0.413154279,0.586845721,42577.55,0.49160551,0.50839449,42583,,,,,,,,,,,,
2022/2/7 19:35:06,0.787053655,0.212946345,42545,0.720365686,0.279634314,42550.01,0.551480124,0.448519876,42581.22,0.513103699,0.486896301,42555,,,,,,,,,,,,
2022/2/7 19:35:15,0.788352384,0.211647616,42545,0.208321518,0.791678482,42553.35,0.625346198,0.374653802,42548.78,0.493683251,0.506316749,42550,,,,,,,,,,,,
2022/2/7 19:35:24,0.888078613,0.111921387,42543.5,0.833776585,0.166223415,42550,0.571762723,0.428237277,42549.25,0.392660053,0.607339947,42548,,,,,,,,,,,,
2022/2/7 19:35:32,0.766179775,0.233820225,42543,0.450045205,0.549954795,42550.3,0.478646985,0.521353015,42559.12,0.585529517,0.414470483,42555,,,,,,,,,,,,
2022/2/7 19:35:40,0.75270899,0.24729101,42539,0.330607948,0.669392052,42551.99,0.538884451,0.461115549,42559.12,0.443627079,0.556372921,42555,,,,,,,,,,,,
2022/2/7 19:35:49,0.641180462,0.358819538,42538.5,0.821293996,0.178706004,42560,0.567443908,0.432556092,42538.79,0.580500327,0.419499673,42557,,,,,,,,,,,,
2022/2/7 19:35:57,0.261706164,0.738293836,42539,0.793191526,0.206808474,42559.99,0.498266456,0.501733544,42538.79,0.59447314,0.40552686,42557,,,,,,,,,,,,
2022/2/7 19:36:06,0.572919575,0.427080425,42539,0.864651445,0.135348555,42540.01,0.465648702,0.534351298,42541.39,0.505735449,0.494264551,42542,,,,,,,,,,,,
2022/2/7 19:36:16,0.631143763,0.368856237,42531,0.702538954,0.297461046,42546.6,0.546754757,0.453245243,42544.27,0.393092391,0.606907609,42547,,,,,,,,,,,,
2022/2/7 19:36:25,0.670812918,0.329187082,42531,0.734333996,0.265666004,42543.02,0.503972966,0.496027034,42550.18,0.513318698,0.486681302,42542,,,,,,,,,,,,
2022/2/7 19:36:34,0.303212148,0.696787852,42531,0.217848679,0.782151321,42560,0.395260725,0.604739275,42550.18,0.525112944,0.474887056,42565,,,,,,,,,,,,
2022/2/7 19:36:42,0.18862525,0.81137475,42539,0.180398457,0.819601543,42566,0.476093698,0.523906302,42550.18,0.524072655,0.475927345,42563,,,,,,,,,,,,
2022/2/7 19:36:50,0.250605625,0.749394375,42549.5,0.592652582,0.407347418,42553.24,0.338010623,0.661989377,42550.18,0.354868167,0.645131833,42562,,,,,,,,,,,,
2022/2/7 19:36:59,0.695324414,0.304675586,42549.5,0.864355707,0.135644293,42558.76,0.548141757,0.451858243,42550.18,0.330196304,0.669803696,42552,,,,,,,,,,,,
2022/2/7 19:37:07,0.612887196,0.387112804,42549.5,0.14367266,0.85632734,42564.99,0.415111739,0.584888261,42550.18,0.494497352,0.505502648,42567,,,,,,,,,,,,
2022/2/7 19:37:16,0.359936584,0.640063416,42549.5,0.669108317,0.330891683,42563.58,0.398129609,0.601870391,42550.18,0.497092974,0.502907026,42562,,,,,,,,,,,,
2022/2/7 19:37:24,0.537497208,0.462502792,42550,0.414892235,0.585107765,42560.69,0.337462198,0.662537802,42560.3,0.308232923,0.691767077,42557,,,,,,,,,,,,
2022/2/7 19:37:32,0.753394956,0.246605044,42550,0.963342496,0.036657504,42550.04,0.419267465,0.580732535,42560.3,0.681046884,0.318953116,42557,,,,,,,,,,,,
2022/2/7 19:37:41,0.72234356,0.27765644,42536.5,0.827747953,0.172252047,42546.18,0.481114838,0.518885162,42560.3,0.669881478,0.330118522,42550,,,,,,,,,,,,
2022/2/7 19:37:49,0.514668082,0.485331918,42537,0.644936279,0.355063721,42553.59,0.418440763,0.581559237,42560.3,0.466209476,0.533790524,42551,,,,,,,,,,,,
2022/2/7 19:37:57,0.610947442,0.389052558,42536.5,0.732347874,0.267652126,42550.4,0.565606245,0.434393755,42560.3,0.503390053,0.496609947,42557,,,,,,,,,,,,
2022/2/7 19:38:05,0.605650561,0.394349439,42536.5,0.507658518,0.492341482,42552.68,0.499286772,0.500713228,42560.3,0.429521198,0.570478802,42550,,,,,,,,,,,,
2022/2/7 19:38:14,0.621827821,0.378172179,42536.5,0.584985574,0.415014426,42547.53,0.507173961,0.492826039,42560.3,0.486699874,0.513300126,42550,,,,,,,,,,,,
2022/2/7 19:38:23,0.62684891,0.37315109,42536.5,0.444739565,0.555260435,42548.89,0.557334023,0.442665977,42560.3,0.236734485,0.763265515,42550,,,,,,,,,,,,
2022/2/7 19:38:32,0.611769607,0.388230393,42537,0.644260239,0.355739761,42550,0.505473154,0.494526846,42560.3,0.527668334,0.472331666,42550,,,,,,,,,,,,
2022/2/7 19:38:42,0.650456138,0.349543862,42536.5,0.669157944,0.330842056,42543.02,0.575351669,0.424648331,42554.64,0.616560165,0.383439835,42542,,,,,,,,,,,,
2022/2/7 19:38:50,0.65726227,0.34273773,42536.5,0.405999508,0.594000492,42546.3,0.593464823,0.406535177,42545.03,0.400866373,0.599133627,42550,,,,,,,,,,,,
2022/2/7 19:38:59,0.317078762,0.682921238,42536.5,0.574870634,0.425129366,42560,0.422840657,0.577159343,42545.03,0.471945375,0.528054625,42556,,,,,,,,,,,,
2022/2/7 19:39:08,0.064805852,0.935194148,42536.5,0.634836798,0.365163202,42569.94,0.503202647,0.496797353,42560.15,0.394757174,0.605242826,42573,,,,,,,,,,,,
2022/2/7 19:39:16,0.283337971,0.716662029,42536.5,0.281660417,0.718339583,42552.76,0.508423783,0.491576217,42551.99,0.363904104,0.636095896,42562,,,,,,,,,,,,
2022/2/7 19:39:25,0.552781551,0.447218449,42536.5,0.383240758,0.616759242,42552.34,0.511834288,0.488165712,42551.99,0.402841809,0.597158191,42562,,,,,,,,,,,,
2022/2/7 19:39:33,0.555418688,0.444581312,42537,0.460743046,0.539256954,42552.33,0.515977913,0.484022087,42551.99,0.375769681,0.624230319,42551,,,,,,,,,,,,
2022/2/7 19:39:41,0.611097872,0.388902128,42537,0.332555032,0.667444968,42553.7,0.542850768,0.457149232,42554.02,0.418216071,0.581783929,42551,,,,,,,,,,,,
2022/2/7 19:39:50,0.603772609,0.396227391,42536.5,0.304856678,0.695143322,42551.09,0.427010777,0.572989223,42554.02,0.360820445,0.639179555,42551,,,,,,,,,,,,
2022/2/7 19:39:58,0.605223124,0.394776876,42536.5,0.094080456,0.905919544,42552.76,0.500146631,0.499853369,42554.02,0.367965867,0.632034133,42550,,,,,,,,,,,,
2022/2/7 19:40:06,0.508299618,0.491700382,42537,0.3729225,0.6270775,42555.32,0.527396724,0.472603276,42554.02,0.48476361,0.51523639,42550,,,,,,,,,,,,
2022/2/7 19:40:15,0.504481145,0.495518855,42536.5,0.307887694,0.692112306,42557.84,0.536461984,0.463538016,42554.02,0.425581303,0.574418697,42550,,,,,,,,,,,,
2022/2/7 19:40:23,0.481545719,0.518454281,42537,0.670175826,0.329824174,42553.01,0.44413658,0.55586342,42554.02,0.307509204,0.692490796,42550,,,,,,,,,,,,
2022/2/7 19:40:31,0.550453866,0.449546134,42536.5,0.817991411,0.182008589,42551.87,0.486452718,0.513547282,42554.02,0.412990916,0.587009084,42550,,,,,,,,,,,,
2022/2/7 19:40:40,0.500882252,0.499117748,42536.5,0.146796254,0.853203746,42557.9,0.46544816,0.53455184,42554.02,0.360339394,0.639660606,42550,,,,,,,,,,,,
2022/2/7 19:40:48,0.148498783,0.851501217,42537,0.832144685,0.167855315,42569.73,0.302880158,0.697119842,42577.16,0.534340445,0.465659555,42574,,,,,,,,,,,,
2022/2/7 19:40:56,0.706908347,0.293091653,42556,0.427681766,0.572318234,42566.98,0.405010339,0.594989661,42573.07,0.54765333,0.45234667,42572,,,,,,,,,,,,
2022/2/7 19:41:05,0.755171762,0.244828238,42556.5,0.794056128,0.205943872,42573.26,0.546608937,0.453391063,42576.45,0.370275916,0.629724084,42572,,,,,,,,,,,,
2022/2/7 19:41:13,0.747674566,0.252325434,42556.5,0.141193638,0.858806362,42570,0.514863853,0.485136147,42571.27,0.348090786,0.651909214,42572,,,,,,,,,,,,
2022/2/7 19:41:21,0.730851918,0.269148082,42556,0.681699443,0.318300557,42572.55,0.543218078,0.456781922,42571.27,0.437058292,0.562941708,42572,,,,,,,,,,,,
2022/2/7 19:41:29,0.707856278,0.292143722,42556.5,0.408236582,0.591763418,42573.67,0.464996031,0.535003969,42571.27,0.426839183,0.573160817,42567,,,,,,,,,,,,
2022/2/7 19:41:38,0.709718574,0.290281426,42556,0.481538655,0.518461345,42572.79,0.539508548,0.460491452,42571.27,0.506521811,0.493478189,42572,,,,,,,,,,,,
2022/2/7 19:41:46,0.653412574,0.346587426,42556,0.336991358,0.663008642,42574.47,0.586868634,0.413131366,42571.27,0.597891125,0.402108875,42572,,,,,,,,,,,,
2022/2/7 19:41:54,0.282684019,0.717315981,42556,0.265150876,0.734849124,42585.71,0.412930809,0.587069191,42571.27,0.522952977,0.477047023,42588,,,,,,,,,,,,
2022/2/7 19:42:02,0.051880908,0.948119092,42556.5,0.366405168,0.633594832,42595.62,0.456481678,0.543518322,42571.27,0.299180837,0.700819163,42592,,,,,,,,,,,,
2022/2/7 19:42:10,0.489340375,0.510659625,42579.5,0.144879363,0.855120637,42599.68,0.506919081,0.493080919,42571.27,0.281819661,0.718180339,42600,,,,,,,,,,,,
2022/2/7 19:42:18,0.455337956,0.544662044,42579.5,0.254218341,0.745781659,42606.28,0.468807188,0.531192812,42571.27,0.212461668,0.787538332,42599,,,,,,,,,,,,
2022/2/7 19:42:27,0.159675446,0.840324554,42579.5,0.541956346,0.458043654,42600.07,0.600903112,0.399096888,42606.42,0.243526196,0.756473804,42610,,,,,,,,,,,,
2022/2/7 19:42:35,0.258119672,0.741880328,42590,0.811141987,0.188858013,42605.51,0.420152135,0.579847865,42610.78,0.36242701,0.63757299,42595,,,,,,,,,,,,
2022/2/7 19:42:43,0.627550735,0.372449265,42589.5,0.706771229,0.293228771,42590.02,0.44814487,0.55185513,42610.78,0.413676542,0.586323458,42597,,,,,,,,,,,,
2022/2/7 19:42:51,0.699899551,0.300100449,42579,0.300589094,0.699410906,42587.81,0.447788882,0.552211118,42610.78,0.422808867,0.577191133,42585,,,,,,,,,,,,
2022/2/7 19:43:00,0.605424926,0.394575074,42579.5,0.445776992,0.554223008,42593.26,0.473672185,0.526327815,42592.51,0.357936996,0.642063004,42592,,,,,,,,,,,,
2022/2/7 19:43:08,0.466515195,0.533484805,42579,0.637582059,0.362417941,42600.84,0.542780661,0.457219339,42592.51,0.59393559,0.40606441,42594,,,,,,,,,,,,
2022/2/7 19:43:16,0.608972359,0.391027641,42579.5,0.142195516,0.857804484,42590.14,0.528955584,0.471044416,42592.51,0.597128728,0.402871272,42592,,,,,,,,,,,,
2022/2/7 19:43:25,0.625882478,0.374117522,42579,0.793375832,0.206624168,42586,0.530977751,0.469022249,42592.51,0.687150215,0.312849785,42587,,,,,,,,,,,,
2022/2/7 19:43:33,0.611379819,0.388620181,42566.5,0.942091538,0.057908462,42580,0.554601914,0.445398086,42586.31,0.660987868,0.339012132,42578,,,,,,,,,,,,
2022/2/7 19:43:42,0.700377058,0.299622942,42566.5,0.831032674,0.168967326,42577.18,0.359316066,0.640683934,42577.95,0.593985902,0.406014098,42579,,,,,,,,,,,,
2022/2/7 19:43:50,0.70389316,0.29610684,42566.5,0.896399151,0.103600849,42580.8,0.477042428,0.522957572,42577.95,0.582160123,0.417839877,42579,,,,,,,,,,,,
2022/2/7 19:43:59,0.697674253,0.302325747,42567,0.905687778,0.094312222,42580.7,0.484274201,0.515725799,42582.19,0.644517345,0.355482655,42579,,,,,,,,,,,,
2022/2/7 19:44:07,0.666195531,0.333804469,42567,0.763711753,0.236288247,42580.83,0.29676798,0.70323202,42582.19,0.549291173,0.450708827,42578,,,,,,,,,,,,
2022/2/7 19:44:16,0.668135894,0.331864106,42566.5,0.23368141,0.76631859,42582.79,0.506291577,0.493708423,42582.19,0.496862146,0.503137854,42577,,,,,,,,,,,,
2022/2/7 19:44:25,0.617713354,0.382286646,42567,0.621360203,0.378639797,42585,0.415917534,0.584082466,42586.91,0.666653123,0.333346877,42577,,,,,,,,,,,,
2022/2/7 19:44:33,0.692807692,0.307192308,42566.5,0.493883832,0.506116168,42575.57,0.428432827,0.571567173,42586.91,0.741450025,0.258549975,42573,,,,,,,,,,,,
2022/2/7 19:44:41,0.743912166,0.256087834,42566.5,0.616518083,0.383481917,42573.88,0.509545337,0.490454663,42586.91,0.495853823,0.504146177,42569,,,,,,,,,,,,
2022/2/7 19:44:50,0.679226758,0.320773242,42567,0.162996804,0.837003196,42578,0.448020886,0.551979114,42586.91,0.450740254,0.549259746,42573,,,,,,,,,,,,
2022/2/7 19:44:58,0.149664572,0.850335428,42572.5,0.253439114,0.746560886,42619.99,0.395076987,0.604923013,42593.84,0.685602919,0.314397081,42614,,,,,,,,,,,,
2022/2/7 19:45:07,0.924265387,0.075734613,42587,0.33923053,0.66076947,42590,0.491841147,0.508158853,42603.55,0.490320763,0.509679237,42591,,,,,,,,,,,,
2022/2/7 19:45:15,0.591888455,0.408111545,42587.5,0.055017772,0.944982228,42613.1,0.435573303,0.564426697,42603.55,0.335463288,0.664536712,42600,,,,,,,,,,,,
2022/2/7 19:45:23,0.285108323,0.714891677,42587.5,0.388211733,0.611788267,42608.47,0.512419378,0.487580622,42603.55,0.342201087,0.657798913,42610,,,,,,,,,,,,
2022/2/7 19:45:32,0.163035601,0.836964399,42599,0.051025392,0.948974608,42637.21,0.444809036,0.555190964,42630.22,0.324105982,0.675894018,42637,,,,,,,,,,,,
2022/2/7 19:45:40,0.097031663,0.902968337,42612,0.878980051,0.121019949,42633.31,0.455801378,0.544198622,42630.22,0.438066117,0.561933883,42638,,,,,,,,,,,,
2022/2/7 19:45:48,0.567069132,0.432930868,42612,0.75402316,0.24597684,42624,0.555103949,0.444896051,42643.84,0.309151291,0.690848709,42621,,,,,,,,,,,,
2022/2/7 19:45:57,0.601831889,0.398168111,42612,0.801663899,0.198336101,42618,0.509895346,0.490104654,42643.84,0.45140603,0.54859397,42617,,,,,,,,,,,,
2022/2/7 19:46:05,0.682546543,0.317453457,42612,0.423309366,0.576690634,42616.21,0.599599267,0.400400733,42643.84,0.385355466,0.614644534,42617,,,,,,,,,,,,
2022/2/7 19:46:14,0.682828943,0.317171057,42611.5,0.605457636,0.394542364,42619.27,0.603145023,0.396854977,42643.84,0.531398394,0.468601606,42611,,,,,,,,,,,,
2022/2/7 19:46:22,0.874550235,0.125449765,42602.5,0.648072709,0.351927291,42608.9,0.486615984,0.513384016,42643.84,0.557637489,0.442362511,42603,,,,,,,,,,,,
2022/2/7 19:46:30,0.832613647,0.167386353,42602.5,0.19485837,0.80514163,42608.29,0.577957259,0.422042741,42643.84,0.566305801,0.433694199,42603,,,,,,,,,,,,
2022/2/7 19:46:39,0.821463269,0.178536731,42602.5,0.280673335,0.719326665,42606.03,0.4595643,0.5404357,42643.84,0.47493111,0.52506889,42599,,,,,,,,,,,,
2022/2/7 19:46:47,0.863734945,0.136265055,42592,0.689828052,0.310171948,42595.01,0.562321128,0.437678872,42643.84,0.5798715,0.4201285,42592,,,,,,,,,,,,
2022/2/7 19:46:55,0.852276014,0.147723986,42592,0.377445582,0.622554418,42594.44,0.453804025,0.546195975,42643.84,0.509252319,0.490747681,42591,,,,,,,,,,,,
2022/2/7 19:47:03,0.856201592,0.143798408,42592,0.265517772,0.734482228,42595,0.478572601,0.521427399,42606.03,0.83623762,0.16376238,42593,,,,,,,,,,,,
2022/2/7 19:47:12,0.816874944,0.183125056,42592,0.20688184,0.79311816,42598.36,0.485403282,0.514596718,42606.03,0.631804353,0.368195647,42595,,,,,,,,,,,,
2022/2/7 19:47:21,0.818628482,0.181371518,42592,0.250984056,0.749015944,42598.2,0.497154345,0.502845655,42606.03,0.673699308,0.326300692,42595,,,,,,,,,,,,
2022/2/7 19:47:29,0.809104375,0.190895625,42592,0.893184519,0.106815481,42595.98,0.462846712,0.537153288,42606.03,0.73199586,0.26800414,42592,,,,,,,,,,,,
2022/2/7 19:47:39,0.89878486,0.10121514,42592.5,0.593528063,0.406471937,42595.97,0.502561517,0.497438483,42606.03,0.605619577,0.394380423,42592,,,,,,,,,,,,
2022/2/7 19:47:47,0.852861018,0.147138982,42592,0.722256342,0.277743658,42581.17,0.733416583,0.266583417,42582.89,0.667099239,0.332900761,42576,,,,,,,,,,,,
2022/2/7 19:47:55,0.893189643,0.106810357,42577,0.40620705,0.59379295,42577.23,0.509919168,0.490080832,42582.89,0.280910145,0.719089855,42569,,,,,,,,,,,,
2022/2/7 19:48:05,0.227517254,0.772482746,42567,0.761724228,0.238275772,42580.82,0.465979859,0.534020141,42576.7,0.326434881,0.673565119,42581,,,,,,,,,,,,
2022/2/7 19:48:13,0.690048321,0.309951679,42567.5,0.12221744,0.87778256,42580.82,0.655697864,0.344302136,42576.7,0.495588547,0.504411453,42579,,,,,,,,,,,,
2022/2/7 19:48:22,0.72413567,0.27586433,42567,0.629733865,0.370266135,42577.21,0.341013304,0.658986696,42576.7,0.222327914,0.777672086,42579,,,,,,,,,,,,
2022/2/7 19:48:30,0.416970874,0.583029126,42567,0.648765841,0.351234159,42589.99,0.557262234,0.442737766,42576.7,0.373819239,0.626180761,42588,,,,,,,,,,,,
2022/2/7 19:48:38,0.121337981,0.878662019,42567,0.487142316,0.512857684,42590.85,0.539490536,0.460509464,42576.7,0.590922343,0.409077657,42589,,,,,,,,,,,,
2022/2/7 19:48:47,0.01861437,0.98138563,42584,0.2169657,0.7830343,42612.73,0.21244323,0.78755677,42576.7,0.476507351,0.523492649,42614,,,,,,,,,,,,
2022/2/7 19:48:55,0.274359328,0.725640672,42587.5,0.24124781,0.75875219,42605.37,0.463597906,0.536402094,42576.7,0.629330499,0.370669501,42614,,,,,,,,,,,,
2022/2/7 19:49:05,0.219634065,0.780365935,42587,0.421299309,0.578700691,42607.08,0.396767946,0.603232054,42576.7,0.293631262,0.706368738,42609,,,,,,,,,,,,
2022/2/7 19:49:13,0.63038226,0.36961774,42587.5,0.65263025,0.34736975,42593.92,0.522567546,0.477432454,42576.7,0.521667881,0.478332119,42597,,,,,,,,,,,,
2022/2/7 19:49:22,0.663055496,0.336944504,42587.5,0.227295473,0.772704527,42588.2,0.526716344,0.473283656,42576.7,0.485922358,0.514077642,42590,,,,,,,,,,,,
2022/2/7 19:49:31,0.420295757,0.579704243,42572,0.614237973,0.385762027,42593.43,0.619393037,0.380606963,42576.7,0.432790389,0.567209611,42590,,,,,,,,,,,,
2022/2/7 19:49:40,0.680529905,0.319470095,42572,0.50863264,0.49136736,42585.31,0.584933007,0.415066993,42576.7,0.321877349,0.678122651,42584,,,,,,,,,,,,
2022/2/7 19:49:49,0.719572667,0.280427333,42571.5,0.139951138,0.860048862,42584.99,0.580431819,0.419568181,42597.2,0.319421928,0.680578072,42582,,,,,,,,,,,,
2022/2/7 19:49:57,0.688417797,0.311582203,42571.5,0.898431359,0.101568641,42582.28,0.586578539,0.413421461,42597.2,0.317827162,0.682172838,42578,,,,,,,,,,,,
2022/2/7 19:50:06,0.772708361,0.227291639,42571.5,0.382576498,0.617423502,42581.77,0.592322458,0.407677542,42597.2,0.433152056,0.566847944,42578,,,,,,,,,,,,
2022/2/7 19:50:14,0.360426078,0.639573922,42574.5,0.805804027,0.194195973,42595.17,0.330832992,0.669167008,42591.31,0.466309721,0.533690279,42599,,,,,,,,,,,,
2022/2/7 19:50:22,0.17467207,0.82532793,42574.5,0.690654592,0.309345408,42599.99,0.443573624,0.556426376,42591.31,0.467081029,0.532918971,42595,,,,,,,,,,,,
2022/2/7 19:50:31,0.175950958,0.824049042,42574.5,0.232732913,0.767267087,42599.99,0.578098164,0.421901836,42591.31,0.327888337,0.672111663,42595,,,,,,,,,,,,
2022/2/7 19:50:39,0.236986561,0.763013439,42575,0.818967954,0.181032046,42597.9,0.536525077,0.463474923,42605.98,0.54879144,0.45120856,42596,,,,,,,,,,,,
2022/2/7 19:50:47,0.184386091,0.815613909,42575,0.172614658,0.827385342,42600,0.565407753,0.434592247,42605.98,0.526446827,0.473553173,42596,,,,,,,,,,,,
2022/2/7 19:50:56,0.143526183,0.856473817,42575,0.259825863,0.740174137,42601.38,0.550471673,0.449528327,42605.98,0.58111292,0.41888708,42596,,,,,,,,,,,,
2022/2/7 19:51:05,0.237992227,0.762007773,42574.5,0.323307283,0.676692717,42600,0.547728389,0.452271611,42605.98,0.412759265,0.587240735,42594,,,,,,,,,,,,
2022/2/7 19:51:14,0.224443261,0.775556739,42575,0.555603916,0.444396084,42596.73,0.476125419,0.523874581,42592.91,0.623986557,0.376013443,42593,,,,,,,,,,,,
2022/2/7 19:51:24,0.274054587,0.725945413,42574.5,0.618353244,0.381646756,42598.6,0.494910542,0.505089458,42592.91,0.462326253,0.537673747,42593,,,,,,,,,,,,
2022/2/7 19:51:32,0.27279733,0.72720267,42574.5,0.196676643,0.803323357,42598.61,0.497394795,0.502605205,42597.2,0.460549209,0.539450791,42593,,,,,,,,,,,,
2022/2/7 19:51:40,0.172970956,0.827029044,42575,0.30561764,0.69438236,42601.38,0.580086642,0.419913358,42597.2,0.465304344,0.534695656,42598,,,,,,,,,,,,
2022/2/7 19:51:49,0.194511849,0.805488151,42574.5,0.507051085,0.492948915,42600.02,0.641510569,0.358489431,42597.2,0.4806119,0.5193881,42597,,,,,,,,,,,,
2022/2/7 19:51:58,0.755074745,0.244925255,42574.5,0.441082083,0.558917917,42580.84,0.629935415,0.370064585,42586.19,0.641864295,0.358135705,42579,,,,,,,,,,,,
2022/2/7 19:52:07,0.805312361,0.194687639,42560.5,0.403183772,0.596816228,42571.37,0.582758173,0.417241827,42586.19,0.214265915,0.785734085,42574,,,,,,,,,,,,
2022/2/7 19:52:15,0.718190271,0.281809729,42560,0.39421234,0.60578766,42570.01,0.632770057,0.367229943,42586.19,0.306358999,0.693641001,42567,,,,,,,,,,,,
2022/2/7 19:52:23,0.681163748,0.318836252,42560,0.476044092,0.523955908,42571.86,0.551261326,0.448738674,42586.19,0.359424127,0.640575873,42567,,,,,,,,,,,,
2022/2/7 19:52:32,0.715585259,0.284414741,42560,0.138271778,0.861728222,42573.64,0.288024168,0.711975832,42586.19,0.230393077,0.769606923,42568,,,,,,,,,,,,
2022/2/7 19:52:40,0.742176334,0.257823666,42560,0.506154147,0.493845853,42574.15,0.460732369,0.539267631,42586.19,0.523032895,0.476967105,42568,,,,,,,,,,,,
2022/2/7 19:52:49,0.727122165,0.272877835,42560,0.530336023,0.469663977,42581.09,0.512757423,0.487242577,42586.19,0.549800117,0.450199883,42568,,,,,,,,,,,,
2022/2/7 19:52:57,0.068744285,0.931255715,42560,0.26117137,0.73882863,42590.85,0.44231498,0.55768502,42586.19,0.551115742,0.448884258,42577,,,,,,,,,,,,
2022/2/7 19:53:05,0.309713367,0.690286633,42560,0.511581339,0.488418661,42590.85,0.406702777,0.593297223,42586.19,0.600461172,0.399538828,42588,,,,,,,,,,,,
2022/2/7 19:53:15,0.3466965,0.6533035,42560.5,0.718730403,0.281269597,42590.84,0.549350409,0.450649591,42586.19,0.699729651,0.300270349,42588,,,,,,,,,,,,
2022/2/7 19:53:23,0.759318058,0.240681942,42560,0.607205622,0.392794378,42570.01,0.644783659,0.355216341,42578.58,0.465513551,0.534486449,42561,,,,,,,,,,,,
2022/2/7 19:53:31,0.826151515,0.173848485,42536.5,0.131140174,0.868859826,42543.03,0.569229978,0.430770022,42550.04,0.469028107,0.530971893,42543,,,,,,,,,,,,
2022/2/7 19:53:40,0.931227881,0.068772119,42531,0.423549661,0.576450339,42537.57,0.664833491,0.335166509,42549.76,0.210256707,0.789743293,42536,,,,,,,,,,,,
2022/2/7 19:53:48,0.773989693,0.226010307,42531,0.282353208,0.717646792,42546,0.586209556,0.413790444,42549.76,0.430951656,0.569048344,42534,,,,,,,,,,,,
2022/2/7 19:53:56,0.82785487,0.17214513,42531,0.302022251,0.697977749,42546.68,0.476017801,0.523982199,42549.76,0.377219815,0.622780185,42537,,,,,,,,,,,,
2022/2/7 19:54:05,0.780061126,0.219938874,42531.5,0.372855523,0.627144477,42550.1,0.541222499,0.458777501,42549.76,0.531836617,0.468163383,42545,,,,,,,,,,,,
2022/2/7 19:54:13,0.798036959,0.201963041,42531,0.651923678,0.348076322,42544.2,0.565917971,0.434082029,42549.76,0.526438094,0.473561906,42542,,,,,,,,,,,,
2022/2/7 19:54:21,0.36526392,0.63473608,42531,0.849982075,0.150017925,42554.02,0.462068258,0.537931742,42547.83,0.43735912,0.56264088,42546,,,,,,,,,,,,
2022/2/7 19:54:30,0.381810111,0.618189889,42531,0.185780387,0.814219613,42555.39,0.558394569,0.441605431,42547.83,0.478289684,0.521710316,42546,,,,,,,,,,,,
2022/2/7 19:54:38,0.820301265,0.179698735,42531,0.222700542,0.777299458,42537.98,0.595642747,0.404357253,42547.83,0.454509793,0.545490207,42535,,,,,,,,,,,,
2022/2/7 19:54:47,0.782240012,0.217759988,42521,0.698261896,0.301738104,42532.16,0.232898474,0.767101526,42547.83,0.319410994,0.680589006,42533,,,,,,,,,,,,
2022/2/7 19:54:55,0.599417693,0.400582307,42521,0.349808577,0.650191423,42540.9,0.579490631,0.420509369,42547.83,0.354349412,0.645650588,42538,,,,,,,,,,,,
2022/2/7 19:55:04,0.71714135,0.28285865,42521,0.536554655,0.463445345,42536.31,0.623107826,0.376892174,42543.7,0.554669451,0.445330549,42532,,,,,,,,,,,,
2022/2/7 19:55:12,0.752624672,0.247375328,42521.5,0.684436914,0.315563086,42536.31,0.547175148,0.452824852,42541.29,0.554659998,0.445340002,42532,,,,,,,,,,,,
2022/2/7 19:55:20,0.56454618,0.43545382,42521,0.530895755,0.469104245,42540.8,0.612848131,0.387151869,42539.93,0.452958933,0.547041067,42532,,,,,,,,,,,,
2022/2/7 19:55:29,0.556730244,0.443269756,42521,0.371559977,0.628440023,42543.69,0.402666213,0.597333787,42539.93,0.439871841,0.560128159,42532,,,,,,,,,,,,
2022/2/7 19:55:37,0.368402738,0.631597262,42521.5,0.115347156,0.884652844,42558.88,0.50609863,0.49390137,42549.24,0.245964309,0.754035691,42551,,,,,,,,,,,,
2022/2/7 19:55:45,0.094550536,0.905449464,42521.5,0.20011715,0.79988285,42567.43,0.563973804,0.436026196,42559.8,0.651849946,0.348150054,42555,,,,,,,,,,,,
2022/2/7 19:55:54,0.167788465,0.832211535,42531.5,0.525575613,0.474424387,42560.53,0.527541115,0.472458885,42559.8,0.527526608,0.472473392,42557,,,,,,,,,,,,
2022/2/7 19:56:02,0.149056974,0.850943026,42531,0.805643323,0.194356677,42560.52,0.573007052,0.426992948,42568.87,0.328137394,0.671862606,42552,,,,,,,,,,,,
2022/2/7 19:56:10,0.60316051,0.39683949,42531.5,0.399331382,0.600668618,42553.14,0.6021761,0.3978239,42549.24,0.412446444,0.587553556,42551,,,,,,,,,,,,
2022/2/7 19:56:19,0.256322343,0.743677657,42531,0.209955332,0.790044668,42565.52,0.470169021,0.529830979,42549.24,0.386859009,0.613140991,42552,,,,,,,,,,,,
2022/2/7 19:56:27,0.230772904,0.769227096,42531.5,0.498205395,0.501794605,42561.75,0.646225183,0.353774817,42549.24,0.368597714,0.631402286,42552,,,,,,,,,,,,
2022/2/7 19:56:35,0.263674972,0.736325028,42531,0.247784349,0.752215651,42561.3,0.554638777,0.445361223,42549.24,0.553324147,0.446675853,42552,,,,,,,,,,,,
2022/2/7 19:56:44,0.311564017,0.688435983,42531,0.297270087,0.702729913,42559.3,0.553219227,0.446780773,42549.24,0.259638656,0.740361344,42554,,,,,,,,,,,,
2022/2/7 19:56:52,0.258676402,0.741323598,42531.5,0.473100842,0.526899158,42567.39,0.515901446,0.484098554,42553.5,0.238057383,0.761942617,42555,,,,,,,,,,,,
2022/2/7 19:57:01,0.256233087,0.743766913,42531.5,0.508694476,0.491305524,42561.04,0.530446766,0.469553234,42553.5,0.202667461,0.797332539,42555,,,,,,,,,,,,
2022/2/7 19:57:09,0.188014763,0.811985237,42531.5,0.424093644,0.575906356,42565.79,0.471083149,0.528916851,42553.5,0.164910466,0.835089534,42555,,,,,,,,,,,,
2022/2/7 19:57:17,0.024823396,0.975176604,42531,0.327569319,0.672430681,42567.42,0.426164845,0.573835155,42553.5,0.211916595,0.788083405,42555,,,,,,,,,,,,
2022/2/7 19:57:26,0.183778035,0.816221965,42535,0.87891287,0.12108713,42566.84,0.536407512,0.463592488,42567.95,0.205383021,0.794616979,42555,,,,,,,,,,,,
2022/2/7 19:57:35,0.184622864,0.815377136,42535,0.786720006,0.213279994,42568.12,0.579289509,0.420710491,42567.95,0.211162646,0.788837354,42561,,,,,,,,,,,,
2022/2/7 19:57:43,0.593864033,0.406135967,42535,0.500050933,0.499949067,42555.61,0.586158883,0.413841117,42549.25,0.446188961,0.553811039,42548,,,,,,,,,,,,
2022/2/7 19:57:52,0.587673284,0.412326716,42534.5,0.707787674,0.292212326,42559.99,0.571876716,0.428123284,42542.9,0.561390213,0.438609787,42552,,,,,,,,,,,,
2022/2/7 19:58:00,0.542376172,0.457623828,42534.5,0.515532847,0.484467153,42557.06,0.476141487,0.523858513,42561.74,0.449358685,0.550641315,42552,,,,,,,,,,,,
2022/2/7 19:58:09,0.480298254,0.519701746,42534.5,0.658371833,0.341628167,42560,0.52308001,0.47691999,42561.74,0.6789564,0.3210436,42552,,,,,,,,,,,,
2022/2/7 19:58:17,0.472119316,0.527880684,42535,0.371023256,0.628976744,42562.37,0.534236089,0.465763911,42561.74,0.570648244,0.429351756,42554,,,,,,,,,,,,
2022/2/7 19:58:26,0.509902913,0.490097087,42535,0.450976132,0.549023868,42560.06,0.533788487,0.466211513,42561.74,0.402507701,0.597492299,42554,,,,,,,,,,,,
2022/2/7 19:58:34,0.307175186,0.692824814,42535,0.178508356,0.821491644,42563.58,0.460252529,0.539747471,42569,0.290073249,0.709926751,42565,,,,,,,,,,,,
2022/2/7 19:58:42,0.055646765,0.944353235,42535,0.742149495,0.257850505,42564.52,0.607959892,0.392040108,42569,0.414011166,0.585988834,42566,,,,,,,,,,,,
2022/2/7 19:58:51,0.353653671,0.646346329,42534.5,0.397648367,0.602351633,42563.99,0.587477569,0.412522431,42569,0.477891386,0.522108614,42566,,,,,,,,,,,,
2022/2/7 19:58:59,0.282639859,0.717360141,42534.5,0.191541273,0.808458727,42567.36,0.465949066,0.534050934,42569,0.3899868,0.6100132,42557,,,,,,,,,,,,
2022/2/7 19:59:07,0.284469323,0.715530677,42534.5,0.569854702,0.430145298,42565.01,0.402232533,0.597767467,42569,0.325501152,0.674498848,42557,,,,,,,,,,,,
2022/2/7 19:59:16,0.107486081,0.892513919,42535,0.399935758,0.600064242,42571.08,0.328600855,0.671399145,42569,0.383589668,0.616410332,42591,,,,,,,,,,,,
2022/2/7 19:59:24,0.229955886,0.770044114,42545.5,0.453012791,0.546987209,42576.45,0.472767423,0.527232577,42569,0.455349105,0.544650895,42573,,,,,,,,,,,,
2022/2/7 19:59:32,0.668738194,0.331261806,42545.5,0.619054807,0.380945193,42560.74,0.670001904,0.329998096,42569,0.551807229,0.448192771,42554,,,,,,,,,,,,
2022/2/7 19:59:41,0.686044168,0.313955832,42545.5,0.110616029,0.889383971,42563.72,0.645555427,0.354444573,42569,0.374599463,0.625400537,42554,,,,,,,,,,,,
2022/2/7 19:59:49,0.698723359,0.301276641,42545,0.470996867,0.529003133,42561.82,0.634483958,0.365516042,42569,0.464358379,0.535641621,42554,,,,,,,,,,,,
2022/2/7 19:59:57,0.604517852,0.395482148,42545,0.508374744,0.491625256,42562.25,0.638146714,0.361853286,42569,0.574253646,0.425746354,42554,,,,,,,,,,,,
2022/2/7 20:00:06,0.608991552,0.391008448,42545.5,0.57975883,0.42024117,42560.02,0.562189433,0.437810567,42569,0.48140635,0.51859365,42556,,,,,,,,,,,,
2022/2/7 20:00:14,0.288937023,0.711062977,42545.5,0.127685872,0.872314128,42573.59,0.587998543,0.412001457,42569,0.657653066,0.342346934,42561,,,,,,,,,,,,
2022/2/7 20:00:23,0.129502361,0.870497639,42545.5,0.226254998,0.773745002,42581.6,0.203449838,0.796550162,42580,0.262332126,0.737667874,42590,,,,,,,,,,,,
2022/2/7 20:00:31,0.015641862,0.984358138,42563,0.610587395,0.389412605,42601.38,0.420245789,0.579754211,42587.7,0.255902773,0.744097227,42590,,,,,,,,,,,,
2022/2/7 20:00:39,0.247557107,0.752442893,42575,0.758543086,0.241456914,42604.07,0.608458908,0.391541092,42587.7,0.198744418,0.801255582,42595,,,,,,,,,,,,
2022/2/7 20:00:47,0.444281716,0.555718284,42575,0.758125114,0.241874886,42603.05,0.220616771,0.779383229,42587.7,0.329740625,0.670259375,42596,,,,,,,,,,,,
2022/2/7 20:00:56,0.745926155,0.254073845,42574.5,0.636411322,0.363588678,42588.05,0.634092449,0.365907551,42587.7,0.377587143,0.622412857,42581,,,,,,,,,,,,
2022/2/7 20:01:04,0.748615891,0.251384109,42575,0.120297287,0.879702713,42587.36,0.559511979,0.440488021,42587.7,0.316255483,0.683744517,42584,,,,,,,,,,,,
2022/2/7 20:01:13,0.744115978,0.255884022,42575,0.457864853,0.542135147,42586.47,0.638944654,0.361055346,42587.7,0.599991606,0.400008394,42583,,,,,,,,,,,,
2022/2/7 20:01:21,0.735650021,0.264349979,42575,0.356946097,0.643053903,42591.81,0.586170717,0.413829283,42587.7,0.425560815,0.574439185,42583,,,,,,,,,,,,
2022/2/7 20:01:29,0.758441558,0.241558442,42574.5,0.578007104,0.421992896,42592.68,0.590509453,0.409490547,42587.7,0.378581447,0.621418553,42587,,,,,,,,,,,,
2022/2/7 20:01:38,0.762571019,0.237428981,42575,0.744720218,0.255279782,42592.67,0.587739016,0.412260984,42587.7,0.410636258,0.589363742,42587,,,,,,,,,,,,
2022/2/7 20:01:46,0.720230807,0.279769193,42574.5,0.686064961,0.313935039,42589.99,0.2744585,0.7255415,42587.7,0.370663722,0.629336278,42583,,,,,,,,,,,,
2022/2/7 20:01:55,0.753644801,0.246355199,42575,0.72314844,0.27685156,42590,0.502928007,0.497071993,42587.7,0.362620751,0.637379249,42584,,,,,,,,,,,,
2022/2/7 20:02:03,0.749055241,0.250944759,42574.5,0.579172377,0.420827623,42588.61,0.511318198,0.488681802,42587.7,0.461179085,0.538820915,42584,,,,,,,,,,,,
2022/2/7 20:02:11,0.737659914,0.262340086,42575,0.383400345,0.616599655,42591.15,0.641547834,0.358452166,42587.7,0.321932367,0.678067633,42585,,,,,,,,,,,,
2022/2/7 20:02:20,0.732578647,0.267421353,42575,0.597138255,0.402861745,42592.66,0.506892671,0.493107329,42587.7,0.413642173,0.586357827,42588,,,,,,,,,,,,
2022/2/7 20:02:29,0.983321219,0.016678781,42574,0.912976604,0.087023396,42581.6,0.507905353,0.492094647,42587.7,0.538197416,0.461802584,42573,,,,,,,,,,,,
2022/2/7 20:02:37,0.801065066,0.198934934,42562.5,0.845055131,0.154944869,42577.64,0.575530915,0.424469085,42587.7,0.469937372,0.530062628,42573,,,,,,,,,,,,
2022/2/7 20:02:46,0.633497296,0.366502704,42562.5,0.28005151,0.71994849,42592.68,0.297481034,0.702518966,42587.37,0.374719351,0.625280649,42593,,,,,,,,,,,,
2022/2/7 20:02:54,0.165879305,0.834120695,42563,0.69276229,0.30723771,42604.71,0.470507547,0.529492453,42587.37,0.310369593,0.689630407,42599,,,,,,,,,,,,
2022/2/7 20:03:03,0.021415993,0.978584007,42570,0.288097616,0.711902384,42610,0.537195719,0.462804281,42604.19,0.367342228,0.632657772,42602,,,,,,,,,,,,
2022/2/7 20:03:11,0.481459414,0.518540586,42590,0.073878958,0.926121042,42619.97,0.674122793,0.325877207,42604.19,0.321245491,0.678754509,42611,,,,,,,,,,,,
2022/2/7 20:03:19,0.411452874,0.588547126,42590,0.381662411,0.618337589,42608.92,0.288179297,0.711820703,42603.45,0.234749961,0.765250039,42610,,,,,,,,,,,,
2022/2/7 20:03:28,0.296870293,0.703129707,42589.5,0.667707583,0.332292417,42618.07,0.468428428,0.531571572,42603.45,0.310023834,0.689976166,42609,,,,,,,,,,,,
2022/2/7 20:03:36,0.309126268,0.690873732,42589.5,0.383665228,0.616334772,42614.36,0.587984194,0.412015806,42603.45,0.283807783,0.716192217,42613,,,,,,,,,,,,
2022/2/7 20:03:45,0.313165714,0.686834286,42590,0.495963105,0.504036895,42615.12,0.580322557,0.419677443,42603.45,0.280943575,0.719056425,42613,,,,,,,,,,,,
2022/2/7 20:03:53,0.385185538,0.614814462,42589.5,0.469689402,0.530310598,42609.48,0.611945584,0.388054416,42603.45,0.389558689,0.610441311,42608,,,,,,,,,,,,
2022/2/7 20:04:02,0.483499604,0.516500396,42589.5,0.305762929,0.694237071,42608.77,0.526534642,0.473465358,42603.45,0.569383236,0.430616764,42600,,,,,,,,,,,,
2022/2/7 20:04:10,0.542598643,0.457401357,42589.5,0.810917329,0.189082671,42603.1,0.637276501,0.362723499,42603.45,0.426821969,0.573178031,42601,,,,,,,,,,,,
2022/2/7 20:04:18,0.927011348,0.072988652,42589.5,0.829149742,0.170850258,42599,0.602125269,0.397874731,42603.45,0.293234881,0.706765119,42593,,,,,,,,,,,,
2022/2/7 20:04:26,0.932890373,0.067109627,42589.5,0.7963076,0.2036924,42599.28,0.625058266,0.374941734,42603.45,0.3015625,0.6984375,42592,,,,,,,,,,,,
2022/2/7 20:04:35,0.897056333,0.102943667,42590,0.377099506,0.622900494,42599,0.626311074,0.373688926,42603.45,0.406241533,0.593758467,42592,,,,,,,,,,,,
2022/2/7 20:04:44,0.774985534,0.225014466,42589.5,0.254950304,0.745049696,42601.27,0.622696802,0.377303198,42603.45,0.321800734,0.678199266,42594,,,,,,,,,,,,
2022/2/7 20:04:52,0.711018611,0.288981389,42590,0.643496809,0.356503191,42604.72,0.591598773,0.408401227,42603.45,0.406838347,0.593161653,42598,,,,,,,,,,,,
2022/2/7 20:05:01,0.794190515,0.205809485,42589.5,0.970199317,0.029800683,42598.02,0.682575903,0.317424097,42603.45,0.286549392,0.713450608,42590,,,,,,,,,,,,
2022/2/7 20:05:10,0.763433938,0.236566062,42590,0.728452844,0.271547156,42605.52,0.550061472,0.449938528,42603.45,0.495676256,0.504323744,42598,,,,,,,,,,,,
2022/2/7 20:05:18,0.690946097,0.309053903,42590,0.213151544,0.786848456,42609.99,0.484169569,0.515830431,42603.45,0.350112773,0.649887227,42601,,,,,,,,,,,,
2022/2/7 20:05:27,0.383221639,0.616778361,42590,0.158280984,0.841719016,42612.8,0.551232316,0.448767684,42603.45,0.558799182,0.441200818,42613,,,,,,,,,,,,
2022/2/7 20:05:35,0.183827375,0.816172625,42605,0.490110144,0.509889856,42631.82,0.340715992,0.659284008,42603.45,0.169327006,0.830672994,42636,,,,,,,,,,,,
2022/2/7 20:05:44,0.323692312,0.676307688,42604.5,0.925924659,0.074075341,42632.58,0.433647993,0.566352007,42603.45,0.427809019,0.572190981,42627,,,,,,,,,,,,
2022/2/7 20:05:52,0.393574297,0.606425703,42605,0.223285419,0.776714581,42632.57,0.551407798,0.448592202,42603.45,0.337770093,0.662229907,42627,,,,,,,,,,,,
2022/2/7 20:06:01,0.267143625,0.732856375,42605,0.42153492,0.57846508,42639.15,0.457948568,0.542051432,42603.45,0.286076699,0.713923301,42634,,,,,,,,,,,,
2022/2/7 20:06:09,0.110814137,0.889185863,42608,0.534131945,0.465868055,42649.99,0.454258225,0.545741775,42630.61,0.298891219,0.701108781,42645,,,,,,,,,,,,
2022/2/7 20:06:17,0.282141765,0.717858235,42608,0.720765843,0.279234157,42638.01,0.594389169,0.405610831,42630.61,0.396607753,0.603392247,42633,,,,,,,,,,,,
2022/2/7 20:06:26,0.278466355,0.721533645,42607.5,0.467276411,0.532723589,42637.32,0.61547421,0.38452579,42630.61,0.200005298,0.799994702,42632,,,,,,,,,,,,
2022/2/7 20:06:34,0.422667258,0.577332742,42608,0.252913013,0.747086987,42630.01,0.598770442,0.401229558,42630.61,0.446623891,0.553376109,42622,,,,,,,,,,,,
2022/2/7 20:06:43,0.816898886,0.183101114,42607.5,0.757257117,0.242742883,42627.82,0.559574553,0.440425447,42630.61,0.171797362,0.828202638,42617,,,,,,,,,,,,
2022/2/7 20:06:51,0.978325854,0.021674146,42605,0.144563613,0.855436387,42610.05,0.504378473,0.495621527,42615.38,0.689075447,0.310924553,42608,,,,,,,,,,,,
2022/2/7 20:07:00,0.680523267,0.319476733,42605.5,0.613211984,0.386788016,42634.07,0.428281603,0.571718397,42615.38,0.658728898,0.341271102,42617,,,,,,,,,,,,
2022/2/7 20:07:08,0.420855105,0.579144895,42605.5,0.701417537,0.298582463,42635.59,0.41861264,0.58138736,42615.38,0.606287031,0.393712969,42631,,,,,,,,,,,,
2022/2/7 20:07:16,0.407071435,0.592928565,42605.5,0.528727389,0.471272611,42637,0.37308025,0.62691975,42615.38,0.416980393,0.583019607,42631,,,,,,,,,,,,
2022/2/7 20:07:24,0.373302244,0.626697756,42605.5,0.707632231,0.292367769,42635.58,0.462080224,0.537919776,42615.38,0.609384215,0.390615785,42631,,,,,,,,,,,,
2022/2/7 20:07:33,0.293993172,0.706006828,42605,0.73690486,0.26309514,42635.58,0.536033687,0.463966313,42615.38,0.429323403,0.570676597,42629,,,,,,,,,,,,
2022/2/7 20:07:41,0.267395435,0.732604565,42605,0.493377076,0.506622924,42635.22,0.439758926,0.560241074,42615.38,0.533433977,0.466566023,42630,,,,,,,,,,,,
2022/2/7 20:07:49,0.26491132,0.73508868,42605,0.371297498,0.628702502,42640.73,0.419198613,0.580801387,42615.38,0.087281796,0.912718204,42638,,,,,,,,,,,,
2022/2/7 20:07:58,0.078347876,0.921652124,42605,0.890116687,0.109883313,42646.03,0.403768672,0.596231328,42653.55,0.338296174,0.661703826,42638,,,,,,,,,,,,
2022/2/7 20:08:06,0.250416181,0.749583819,42605,0.413376675,0.586623325,42642.99,0.468723102,0.531276898,42649.26,0.286140363,0.713859637,42637,,,,,,,,,,,,
2022/2/7 20:08:14,0.075027802,0.924972198,42605.5,0.032653702,0.967346298,42650.77,0.418224795,0.581775205,42649.26,0.125042839,0.874957161,42652,,,,,,,,,,,,
2022/2/7 20:08:23,0.013671015,0.986328985,42610,0.352946683,0.647053317,42657.76,0.41977015,0.58022985,42649.26,0.436465548,0.563534452,42653,,,,,,,,,,,,
2022/2/7 20:08:31,0.347573745,0.652426255,42630,0.502519735,0.497480265,42652.82,0.448152655,0.551847345,42649.26,0.175102624,0.824897376,42653,,,,,,,,,,,,
2022/2/7 20:08:39,0.242455282,0.757544718,42630.5,0.120368144,0.879631856,42668.21,0.497506242,0.502493758,42649.26,0.31834557,0.68165443,42663,,,,,,,,,,,,
2022/2/7 20:08:47,0.060791631,0.939208369,42634.5,0.241308076,0.758691924,42670.42,0.563796774,0.436203226,42649.26,0.55691669,0.44308331,42668,,,,,,,,,,,,
2022/2/7 20:08:56,0.221374455,0.778625545,42638,0.368118158,0.631881842,42668.22,0.453728448,0.546271552,42649.26,0.716662678,0.283337322,42665,,,,,,,,,,,,
2022/2/7 20:09:04,0.351880415,0.648119585,42638,0.296810678,0.703189322,42653.06,0.4545095,0.5454905,42649.26,0.366356618,0.633643382,42658,,,,,,,,,,,,
2022/2/7 20:09:13,0.489681362,0.510318638,42638,0.188279348,0.811720652,42657.73,0.545578513,0.454421487,42649.26,0.610967239,0.389032761,42654,,,,,,,,,,,,
2022/2/7 20:09:22,0.309748316,0.690251684,42637.5,0.326429988,0.673570012,42669.48,0.481062078,0.518937922,42649.26,0.517376347,0.482623653,42665,,,,,,,,,,,,
2022/2/7 20:09:31,0.344816816,0.655183184,42638,0.30051384,0.69948616,42669.7,0.537618492,0.462381508,42649.26,0.563934283,0.436065717,42665,,,,,,,,,,,,
2022/2/7 20:09:40,0.31756556,0.68243444,42637.5,0.170175026,0.829824974,42671.2,0.463037372,0.536962628,42661.35,0.470851976,0.529148024,42667,,,,,,,,,,,,
2022/2/7 20:09:48,0.498547647,0.501452353,42638,0.856635321,0.143364679,42662.69,0.480541509,0.519458491,42661.35,0.263973536,0.736026464,42658,,,,,,,,,,,,
2022/2/7 20:09:56,0.383392294,0.616607706,42637.5,0.271767781,0.728232219,42663.52,0.534468745,0.465531255,42661.35,0.550242626,0.449757374,42659,,,,,,,,,,,,
2022/2/7 20:10:04,0.418366598,0.581633402,42638,0.432397801,0.567602199,42659.01,0.463184774,0.536815226,42668.59,0.654880709,0.345119291,42660,,,,,,,,,,,,
2022/2/7 20:10:13,0.923860271,0.076139729,42626.5,0.923864187,0.076135813,42648.2,0.638913674,0.361086326,42650,0.59528826,0.40471174,42646,,,,,,,,,,,,
2022/2/7 20:10:22,0.686889213,0.313110787,42626,0.35579268,0.64420732,42648.21,0.681590539,0.318409461,42645.96,0.584997201,0.415002799,42651,,,,,,,,,,,,
2022/2/7 20:10:30,0.478620779,0.521379221,42626,0.254932405,0.745067595,42648.2,0.397580863,0.602419137,42645.96,0.707573821,0.292426179,42652,,,,,,,,,,,,
2022/2/7 20:10:38,0.478782713,0.521217287,42626,0.446453442,0.553546558,42649.72,0.464636496,0.535363504,42645.96,0.793650172,0.206349828,42650,,,,,,,,,,,,
2022/2/7 20:10:46,0.476267215,0.523732785,42626,0.499050386,0.500949614,42652.04,0.400920461,0.599079539,42644.33,0.778537639,0.221462361,42650,,,,,,,,,,,,
2022/2/7 20:10:55,0.5034003,0.4965997,42626,0.35992409,0.64007591,42650.63,0.50601571,0.49398429,42644.33,0.782640532,0.217359468,42650,,,,,,,,,,,,
2022/2/7 20:11:04,0.493253072,0.506746928,42626.5,0.38849878,0.61150122,42653.76,0.517004401,0.482995599,42644.33,0.513191456,0.486808544,42651,,,,,,,,,,,,
2022/2/7 20:11:13,0.502670375,0.497329625,42626,0.479350205,0.520649795,42650.66,0.531375303,0.468624697,42644.33,0.647506546,0.352493454,42649,,,,,,,,,,,,
2022/2/7 20:11:21,0.542736213,0.457263787,42626.5,0.242495585,0.757504415,42652.03,0.528129264,0.471870736,42644.33,0.542326364,0.457673636,42651,,,,,,,,,,,,
2022/2/7 20:11:29,0.201223146,0.798776854,42635,0.383796027,0.616203973,42677.71,0.575084719,0.424915281,42660.45,0.4144135,0.5855865,42668,,,,,,,,,,,,
2022/2/7 20:11:37,0.276734794,0.723265206,42635,0.286184438,0.713815562,42665.32,0.484956399,0.515043601,42660.45,0.468950451,0.531049549,42669,,,,,,,,,,,,
2022/2/7 20:11:45,0.30957203,0.69042797,42635,0.200991991,0.799008009,42657.81,0.589424623,0.410575377,42660.45,0.481768647,0.518231353,42657,,,,,,,,,,,,
2022/2/7 20:11:53,0.132825301,0.867174699,42635,0.699405055,0.300594945,42673.66,0.630669059,0.369330941,42660.45,0.425675281,0.574324719,42668,,,,,,,,,,,,
2022/2/7 20:12:02,0.085777406,0.914222594,42637.5,0.546634868,0.453365132,42676.64,0.466795288,0.533204712,42671.64,0.331205518,0.668794482,42670,,,,,,,,,,,,
2022/2/7 20:12:11,0.050496025,0.949503975,42637.5,0.394307279,0.605692721,42676.63,0.497851256,0.502148744,42671.64,0.443545773,0.556454227,42673,,,,,,,,,,,,
2022/2/7 20:12:19,0.043257774,0.956742226,42639,0.213056617,0.786943383,42679.99,0.514015178,0.485984822,42686.54,0.195457727,0.804542273,42677,,,,,,,,,,,,
2022/2/7 20:12:27,0.029515616,0.970484384,42639,0.383396797,0.616603203,42684.1,0.618747545,0.381252455,42686.54,0.542815407,0.457184593,42682,,,,,,,,,,,,
2022/2/7 20:12:36,0.04912271,0.95087729,42643.5,0.425768075,0.574231925,42685.14,0.545229418,0.454770582,42686.54,0.568961632,0.431038368,42682,,,,,,,,,,,,
2022/2/7 20:12:44,0.194707852,0.805292148,42645,0.153802378,0.846197622,42684.4,0.527589651,0.472410349,42691.66,0.579364942,0.420635058,42682,,,,,,,,,,,,
2022/2/7 20:12:52,0.269920159,0.730079841,42644.5,0.262813838,0.737186162,42680.7,0.365799481,0.634200519,42691.66,0.542252101,0.457747899,42681,,,,,,,,,,,,
2022/2/7 20:13:01,0.198207943,0.801792057,42645,0.416824852,0.583175148,42681.73,0.445083146,0.554916854,42691.66,0.424733035,0.575266965,42682,,,,,,,,,,,,
2022/2/7 20:13:09,0.269628029,0.730371971,42645,0.338339605,0.661660395,42681.73,0.558923867,0.441076133,42691.66,0.660186766,0.339813234,42669,,,,,,,,,,,,
2022/2/7 20:13:17,0.326079532,0.673920468,42645,0.454793087,0.545206913,42671.09,0.533890444,0.466109556,42670.2,0.512553676,0.487446324,42671,,,,,,,,,,,,
2022/2/7 20:13:26,0.564372308,0.435627692,42644.5,0.294247616,0.705752384,42663.82,0.370738706,0.629261294,42670.2,0.574181906,0.425818094,42664,,,,,,,,,,,,
2022/2/7 20:13:34,0.578249391,0.421750609,42645,0.106594001,0.893405999,42662.61,0.470449022,0.529550978,42670.2,0.313856028,0.686143972,42664,,,,,,,,,,,,
2022/2/7 20:13:42,0.396994432,0.603005568,42645,0.542483971,0.457516029,42670.03,0.578617167,0.421382833,42670.2,0.534569884,0.465430116,42665,,,,,,,,,,,,
2022/2/7 20:13:51,0.266842977,0.733157023,42645,0.324480003,0.675519997,42681.72,0.511057491,0.488942509,42676.63,0.337107995,0.662892005,42681,,,,,,,,,,,,
2022/2/7 20:13:59,0.300287167,0.699712833,42644.5,0.20677195,0.79322805,42680,0.493912225,0.506087775,42676.63,0.403914222,0.596085778,42680,,,,,,,,,,,,
2022/2/7 20:14:08,0.384972208,0.615027792,42645.5,0.595770519,0.404229481,42668.21,0.579275566,0.420724434,42676.63,0.4869749,0.5130251,42660,,,,,,,,,,,,
2022/2/7 20:14:16,0.819492843,0.180507157,42645.5,0.194563328,0.805436672,42657.08,0.507128542,0.492871458,42670.62,0.2394265,0.7605735,42655,,,,,,,,,,,,
2022/2/7 20:14:25,0.814960697,0.185039303,42645.5,0.485514144,0.514485856,42661.07,0.462881544,0.537118456,42662.33,0.470044959,0.529955041,42655,,,,,,,,,,,,
2022/2/7 20:14:33,0.98535805,0.01464195,42645.5,0.60546424,0.39453576,42657,0.539237506,0.460762494,42662.33,0.584204888,0.415795112,42656,,,,,,,,,,,,
2022/2/7 20:14:42,0.847715736,0.152284264,42644.5,0.185573328,0.814426672,42656.72,0.522763993,0.477236007,42662.33,0.484927441,0.515072559,42655,,,,,,,,,,,,
2022/2/7 20:14:50,0.823449444,0.176550556,42644.5,0.718583057,0.281416943,42657.02,0.45463968,0.54536032,42662.33,0.471997724,0.528002276,42655,,,,,,,,,,,,
2022/2/7 20:14:59,0.719227494,0.280772506,42645,0.35013072,0.64986928,42665.39,0.433034115,0.566965885,42662.33,0.412234738,0.587765262,42658,,,,,,,,,,,,
2022/2/7 20:15:07,0.745774023,0.254225977,42645,0.143923177,0.856076823,42660.74,0.419260311,0.580739689,42672.73,0.392874622,0.607125378,42661,,,,,,,,,,,,
2022/2/7 20:15:15,0.725815375,0.274184625,42645,0.507315238,0.492684762,42663.8,0.391364284,0.608635716,42671.01,0.362150787,0.637849213,42661,,,,,,,,,,,,
2022/2/7 20:15:24,0.282962799,0.717037201,42645,0.306212962,0.693787038,42680.52,0.604410887,0.395589113,42672.02,0.526118172,0.473881828,42680,,,,,,,,,,,,
2022/2/7 20:15:32,0.283210299,0.716789701,42644.5,0.485833197,0.514166803,42681.26,0.452634207,0.547365793,42672.02,0.291692569,0.708307431,42677,,,,,,,,,,,,
2022/2/7 20:15:40,0.22607735,0.77392265,42645,0.136203958,0.863796042,42689.99,0.527882214,0.472117786,42672.02,0.325107105,0.674892895,42685,,,,,,,,,,,,
2022/2/7 20:15:48,0.18159794,0.81840206,42645,0.83179781,0.16820219,42689.99,0.408905717,0.591094283,42672.02,0.182154401,0.817845599,42685,,,,,,,,,,,,
2022/2/7 20:15:56,0.135839372,0.864160628,42646,0.143567806,0.856432194,42690.7,0.380681202,0.619318798,42691.66,0.629728176,0.370271824,42691,,,,,,,,,,,,
2022/2/7 20:16:06,0.137184875,0.862815125,42645.5,0.619351152,0.380648848,42693.1,0.388914546,0.611085454,42691.66,0.709695711,0.290304289,42692,,,,,,,,,,,,
2022/2/7 20:16:15,0.316039499,0.683960501,42645.5,0.861480785,0.138519215,42672.4,0.514602162,0.485397838,42679.5,0.538526769,0.461473231,42674,,,,,,,,,,,,
2022/2/7 20:16:23,0.288538519,0.711461481,42645.5,0.384611118,0.615388882,42675.44,0.500435897,0.499564103,42679.26,0.699694627,0.300305373,42676,,,,,,,,,,,,
2022/2/7 20:16:31,0.206102817,0.793897183,42645.5,0.679752708,0.320247292,42685.98,0.465757471,0.534242529,42679.26,0.462120852,0.537879148,42679,,,,,,,,,,,,
2022/2/7 20:16:40,0.184285241,0.815714759,42645.5,0.12583387,0.87416613,42685.99,0.522659794,0.477340206,42679.26,0.399223837,0.600776163,42685,,,,,,,,,,,,
2022/2/7 20:16:49,0.186582999,0.813417001,42646,0.142980549,0.857019451,42687.8,0.46199105,0.53800895,42679.26,0.404834844,0.595165156,42686,,,,,,,,,,,,
2022/2/7 20:16:57,0.188291387,0.811708613,42646,0.471058225,0.528941775,42685.99,0.600645538,0.399354462,42679.26,0.416455897,0.583544103,42686,,,,,,,,,,,,
2022/2/7 20:17:06,0.140411254,0.859588746,42645.5,0.186306958,0.813693042,42688.98,0.518092249,0.481907751,42678.62,0.289032453,0.710967547,42685,,,,,,,,,,,,
2022/2/7 20:17:14,0.221330275,0.778669725,42645.5,0.116909982,0.883090018,42681.86,0.464450537,0.535549463,42678.62,0.513058839,0.486941161,42677,,,,,,,,,,,,
2022/2/7 20:17:22,0.242875197,0.757124803,42646,0.677766894,0.322233106,42680,0.537594421,0.462405579,42672.07,0.55779028,0.44220972,42677,,,,,,,,,,,,
2022/2/7 20:17:31,0.249158502,0.750841498,42646,0.763852157,0.236147843,42679.45,0.548655844,0.451344156,42672.07,0.292833894,0.707166106,42676,,,,,,,,,,,,
2022/2/7 20:17:39,0.216875996,0.783124004,42646,0.16525415,0.83474585,42687.26,0.452275957,0.547724043,42672.07,0.467429815,0.532570185,42678,,,,,,,,,,,,
2022/2/7 20:17:48,0.140186171,0.859813829,42646,0.607907659,0.392092341,42688.94,0.555942802,0.444057198,42672.07,0.474174916,0.525825084,42678,,,,,,,,,,,,
2022/2/7 20:17:56,0.165507143,0.834492857,42646,0.522858254,0.477141746,42685.5,0.499857399,0.500142601,42672.07,0.674294152,0.325705848,42686,,,,,,,,,,,,
2022/2/7 20:18:05,0.288960616,0.711039384,42646,0.064119941,0.935880059,42684.87,0.288813779,0.711186221,42672.07,0.466723455,0.533276545,42681,,,,,,,,,,,,
2022/2/7 20:18:14,0.254635466,0.745364534,42646,0.330678414,0.669321586,42687.26,0.5634567,0.4365433,42672.07,0.501532125,0.498467875,42681,,,,,,,,,,,,
2022/2/7 20:18:23,0.222372162,0.777627838,42645.5,0.34769351,0.65230649,42683.82,0.547984101,0.452015899,42672.07,0.499383814,0.500616186,42684,,,,,,,,,,,,
2022/2/7 20:18:31,0.224321302,0.775678698,42646,0.581704676,0.418295324,42683.87,0.548702359,0.451297641,42672.07,0.509885754,0.490114246,42684,,,,,,,,,,,,
2022/2/7 20:18:39,0.15298674,0.84701326,42646,0.372928794,0.627071206,42688.49,0.480088803,0.519911197,42672.07,0.467181764,0.532818236,42684,,,,,,,,,,,,
2022/2/7 20:18:48,0.127244767,0.872755233,42646,0.687209506,0.312790494,42688.42,0.556184871,0.443815129,42672.07,0.213257061,0.786742939,42685,,,,,,,,,,,,
2022/2/7 20:18:56,0.124610339,0.875389661,42646,0.368442903,0.631557097,42691.02,0.488771672,0.511228328,42690.8,0.352555909,0.647444091,42686,,,,,,,,,,,,
2022/2/7 20:19:04,0.186259837,0.813740163,42646.5,0.520288754,0.479711246,42687.26,0.580869743,0.419130257,42690.8,0.351100811,0.648899189,42686,,,,,,,,,,,,
2022/2/7 20:19:13,0.177718362,0.822281638,42646.5,0.297100858,0.702899142,42687.29,0.708349987,0.291650013,42690.8,0.324174839,0.675825161,42685,,,,,,,,,,,,
2022/2/7 20:19:22,0.16392494,0.83607506,42646.5,0.272548395,0.727451605,42688.45,0.443771628,0.556228372,42691.65,0.284753895,0.715246105,42686,,,,,,,,,,,,
2022/2/7 20:19:30,0.158146028,0.841853972,42646,0.561761127,0.438238873,42690.49,0.528478011,0.471521989,42691.65,0.58625058,0.41374942,42687,,,,,,,,,,,,
2022/2/7 20:19:38,0.173877638,0.826122362,42646.5,0.264098442,0.735901558,42689.99,0.625566961,0.374433039,42691.65,0.139912171,0.860087829,42686,,,,,,,,,,,,
2022/2/7 20:19:46,0.176991725,0.823008275,42646,0.770839891,0.229160109,42691.33,0.474461541,0.525538459,42691.65,0.18977127,0.81022873,42686,,,,,,,,,,,,
2022/2/7 20:19:55,0.212254683,0.787745317,42646.5,0.477583702,0.522416298,42672.41,0.600468561,0.399531439,42691.65,0.272519477,0.727480523,42668,,,,,,,,,,,,
2022/2/7 20:20:03,0.441311779,0.558688221,42646,0.272744072,0.727255928,42673.27,0.599389068,0.400610932,42691.65,0.20465945,0.79534055,42670,,,,,,,,,,,,
2022/2/7 20:20:13,0.78755745,0.21244255,42646,0.607574819,0.392425181,42660.02,0.562052938,0.437947062,42675,0.408380188,0.591619812,42662,,,,,,,,,,,,
2022/2/7 20:20:21,0.396682907,0.603317093,42630,0.357592688,0.642407312,42657.13,0.56848607,0.43151393,42664.27,0.469275798,0.530724202,42656,,,,,,,,,,,,
2022/2/7 20:20:29,0.416843745,0.583156255,42630.5,0.144828848,0.855171152,42660.01,0.624523184,0.375476816,42664.27,0.410325391,0.589674609,42656,,,,,,,,,,,,
2022/2/7 20:20:38,0.376794043,0.623205957,42630,0.20165476,0.79834524,42660,0.541111976,0.458888024,42670.03,0.618690409,0.381309591,42657,,,,,,,,,,,,
2022/2/7 20:20:48,0.962497935,0.037502065,42625.5,0.786355338,0.213644662,42635.86,0.622407807,0.377592193,42646.19,0.407438579,0.592561421,42635,,,,,,,,,,,,
2022/2/7 20:20:56,0.376402112,0.623597888,42577,0.140166373,0.859833627,42611.6,0.384350765,0.615649235,42618.82,0.617044905,0.382955095,42617,,,,,,,,,,,,
2022/2/7 20:21:04,0.374634304,0.625365696,42587,0.244186096,0.755813904,42618.69,0.652236046,0.347763954,42622.37,0.308395621,0.691604379,42615,,,,,,,,,,,,
2022/2/7 20:21:13,0.364485376,0.635514624,42587,0.401052034,0.598947966,42613.82,0.480326312,0.519673688,42610.76,0.497945949,0.502054051,42616,,,,,,,,,,,,
2022/2/7 20:21:21,0.323325448,0.676674552,42587,0.370003736,0.629996264,42617.5,0.61528072,0.38471928,42626.59,0.47421905,0.52578095,42618,,,,,,,,,,,,
2022/2/7 20:21:30,0.308657915,0.691342085,42587,0.876359247,0.123640753,42613.83,0.3965478,0.6034522,42617.45,0.371532524,0.628467476,42615,,,,,,,,,,,,
2022/2/7 20:21:39,0.463566151,0.536433849,42587.5,0.730043364,0.269956636,42605.69,0.451118609,0.548881391,42617.45,0.65019441,0.34980559,42610,,,,,,,,,,,,
2022/2/7 20:21:47,0.138276518,0.861723482,42587,0.686754532,0.313245468,42625.6,0.550298481,0.449701519,42619.89,0.185593527,0.814406473,42630,,,,,,,,,,,,
2022/2/7 20:21:56,0.194558496,0.805441504,42587,0.664476357,0.335523643,42625.59,0.42121719,0.57878281,42619.89,0.196958117,0.803041883,42625,,,,,,,,,,,,
2022/2/7 20:22:05,0.109371791,0.890628209,42598.5,0.327065373,0.672934627,42640.85,0.499902719,0.500097281,42634.64,0.201375673,0.798624327,42630,,,,,,,,,,,,
2022/2/7 20:22:13,0.182945828,0.817054172,42599,0.156488562,0.843511438,42635.09,0.467020143,0.532979857,42634.64,0.211952825,0.788047175,42635,,,,,,,,,,,,
2022/2/7 20:22:21,0.058643689,0.941356311,42601,0.498221295,0.501778705,42643.02,0.460470074,0.539529926,42634.64,0.247964623,0.752035377,42637,,,,,,,,,,,,
2022/2/7 20:22:30,0.138690337,0.861309663,42606.5,0.206005954,0.793994046,42643.73,0.529755505,0.470244495,42634.64,0.291207082,0.708792918,42649,,,,,,,,,,,,
2022/2/7 20:22:38,0.020032872,0.979967128,42609.5,0.354299358,0.645700642,42652.62,0.549621453,0.450378547,42662.79,0.301313698,0.698686302,42650,,,,,,,,,,,,
2022/2/7 20:22:46,0.014718727,0.985281273,42614.5,0.398130512,0.601869488,42653.71,0.462526906,0.537473094,42662.79,0.416968225,0.583031775,42654,,,,,,,,,,,,
2022/2/7 20:22:55,0.155016533,0.844983467,42615,0.357572697,0.642427303,42651.37,0.486096011,0.513903989,42662.79,0.466345793,0.533654207,42654,,,,,,,,,,,,
2022/2/7 20:23:05,0.131900986,0.868099014,42615,0.328659095,0.671340905,42650.9,0.601583412,0.398416588,42662.79,0.315477528,0.684522472,42650,,,,,,,,,,,,
2022/2/7 20:23:13,0.8373415,0.1626585,42614.5,0.437359806,0.562640194,42630.55,0.592934349,0.407065651,42645.1,0.180631137,0.819368863,42632,,,,,,,,,,,,
2022/2/7 20:23:21,0.892060587,0.107939413,42615,0.161106162,0.838893838,42631.03,0.533371343,0.466628657,42645.1,0.197883791,0.802116209,42634,,,,,,,,,,,,
2022/2/7 20:23:30,0.563363346,0.436636654,42606,0.097160465,0.902839535,42645.18,0.34803851,0.65196149,42649.59,0.426716276,0.573283724,42652,,,,,,,,,,,,
2022/2/7 20:23:38,0.076547589,0.923452411,42614.5,0.693207875,0.306792125,42654.07,0.431552826,0.568447174,42649.59,0.362628316,0.637371684,42654,,,,,,,,,,,,
2022/2/7 20:23:47,0.149568284,0.850431716,42614.5,0.893160211,0.106839789,42652.06,0.441789904,0.558210096,42649.59,0.346483015,0.653516985,42654,,,,,,,,,,,,
2022/2/7 20:23:55,0.196013347,0.803986653,42614,0.555583983,0.444416017,42649.99,0.598600805,0.401399195,42649.59,0.326931895,0.673068105,42651,,,,,,,,,,,,
2022/2/7 20:24:04,0.206489746,0.793510254,42614.5,0.703062204,0.296937796,42646.48,0.578713496,0.421286504,42649.59,0.392682179,0.607317821,42647,,,,,,,,,,,,
2022/2/7 20:24:12,0.211289338,0.788710662,42614.5,0.397801163,0.602198837,42646.48,0.577309327,0.422690673,42649.59,0.118437046,0.881562954,42647,,,,,,,,,,,,
2022/2/7 20:24:21,0.309214508,0.690785492,42614.5,0.373752644,0.626247356,42642.41,0.444743289,0.555256711,42649.59,0.241570103,0.758429897,42642,,,,,,,,,,,,
2022/2/7 20:24:29,0.293871975,0.706128025,42614,0.499441509,0.500558491,42642.25,0.503784306,0.496215694,42650.61,0.409210259,0.590789741,42641,,,,,,,,,,,,
2022/2/7 20:24:37,0.25202253,0.74797747,42614.5,0.148456753,0.851543247,42650.88,0.487119009,0.512880991,42650.61,0.425657089,0.574342911,42655,,,,,,,,,,,,
2022/2/7 20:24:46,0.217627783,0.782372217,42614.5,0.244206911,0.755793089,42651.99,0.433419763,0.566580237,42646.06,0.246272999,0.753727001,42655,,,,,,,,,,,,
2022/2/7 20:24:54,0.147239264,0.852760736,42614.5,0.27300026,0.72699974,42670.24,0.502936074,0.497063926,42666.57,0.191124116,0.808875884,42665,,,,,,,,,,,,
2022/2/7 20:25:03,0.187685204,0.812314796,42630.5,0.040380106,0.959619894,42680,0.571089406,0.428910594,42686.03,0.407082439,0.592917561,42672,,,,,,,,,,,,
2022/2/7 20:25:11,0.080815238,0.919184762,42636,0.348298884,0.651701116,42670,0.49920492,0.50079508,42686.03,0.189722658,0.810277342,42667,,,,,,,,,,,,
2022/2/7 20:25:19,0.018988087,0.981011913,42639.5,0.368312488,0.631687512,42700,0.478981995,0.521018005,42686.03,0.702496838,0.297503162,42684,,,,,,,,,,,,
2022/2/7 20:25:28,0.019395188,0.980604812,42640,0.087055066,0.912944934,42700,0.513627061,0.486372939,42691.66,0.724757623,0.275242377,42690,,,,,,,,,,,,
2022/2/7 20:25:37,0.016490212,0.983509788,42644.5,0.358176983,0.641823017,42703.64,0.467414989,0.532585011,42691.66,0.65285828,0.34714172,42694,,,,,,,,,,,,
2022/2/7 20:25:45,0.098904481,0.901095519,42647,0.622404544,0.377595456,42694.23,0.532577904,0.467422096,42691.33,0.639266176,0.360733824,42693,,,,,,,,,,,,
2022/2/7 20:25:54,0.253663619,0.746336381,42647,0.046349264,0.953650736,42687.96,0.564310785,0.435689215,42691.33,0.382742068,0.617257932,42693,,,,,,,,,,,,
2022/2/7 20:26:02,0.253224353,0.746775647,42647,0.158287047,0.841712953,42688.89,0.593146892,0.406853108,42691.33,0.608827246,0.391172754,42683,,,,,,,,,,,,
2022/2/7 20:26:10,0.442009127,0.557990873,42646.5,0.251186693,0.748813307,42700,0.552742131,0.447257869,42679.34,0.646491193,0.353508807,42688,,,,,,,,,,,,
2022/2/7 20:26:18,0.115648531,0.884351469,42647,0.236462733,0.763537267,42700.01,0.545682666,0.454317334,42679.34,0.742909187,0.257090813,42696,,,,,,,,,,,,
2022/2/7 20:26:27,0.114829129,0.885170871,42647,0.340404491,0.659595509,42700,0.525025808,0.474974192,42679.34,0.767987044,0.232012956,42695,,,,,,,,,,,,
2022/2/7 20:26:35,0.118605092,0.881394908,42647,0.350694726,0.649305274,42700,0.581241648,0.418758352,42679.34,0.582725658,0.417274342,42695,,,,,,,,,,,,
2022/2/7 20:26:43,0.109708128,0.890291872,42647,0.530298933,0.469701067,42700.01,0.375077521,0.624922479,42679.34,0.740016781,0.259983219,42693,,,,,,,,,,,,
2022/2/7 20:26:52,0.081393698,0.918606302,42648,0.376745168,0.623254832,42703.65,0.511602427,0.488397573,42679.34,0.668934064,0.331065936,42694,,,,,,,,,,,,
2022/2/7 20:27:00,0.121429967,0.878570033,42648.5,0.465454566,0.534545434,42700.3,0.471249096,0.528750904,42679.34,0.563570799,0.436429201,42698,,,,,,,,,,,,
2022/2/7 20:27:09,0.089890769,0.910109231,42650,0.126008237,0.873991763,42709.11,0.481818053,0.518181947,42704.78,0.515515578,0.484484422,42699,,,,,,,,,,,,
2022/2/7 20:27:17,0.31464808,0.68535192,42650,0.813223871,0.186776129,42693.14,0.495246474,0.504753526,42687.57,0.252398478,0.747601522,42684,,,,,,,,,,,,
2022/2/7 20:27:26,0.344884475,0.655115525,42668.5,0.54374773,0.45625227,42700,0.449241982,0.550758018,42694.92,0.454265132,0.545734868,42696,,,,,,,,,,,,
2022/2/7 20:27:35,0.43459454,0.56540546,42668.5,0.766128665,0.233871335,42700,0.554244097,0.445755903,42703.13,0.487041868,0.512958132,42694,,,,,,,,,,,,
2022/2/7 20:27:44,0.617073928,0.382926072,42668,0.701762479,0.298237521,42700.01,0.490744247,0.509255753,42703.13,0.500660397,0.499339603,42693,,,,,,,,,,,,
2022/2/7 20:27:52,0.428479179,0.571520821,42668.5,0.469054917,0.530945083,42702.53,0.335996886,0.664003114,42703.32,0.310775136,0.689224864,42693,,,,,,,,,,,,
2022/2/7 20:28:01,0.411087973,0.588912027,42668.5,0.097139571,0.902860429,42703.36,0.540495518,0.459504482,42703.32,0.529327203,0.470672797,42697,,,,,,,,,,,,
2022/2/7 20:28:09,0.412738055,0.587261945,42668.5,0.147552253,0.852447747,42700.4,0.526883618,0.473116382,42703.32,0.539902933,0.460097067,42696,,,,,,,,,,,,
2022/2/7 20:28:18,0.462513602,0.537486398,42668.5,0.038356118,0.961643882,42700,0.456011931,0.543988069,42703.32,0.574154534,0.425845466,42702,,,,,,,,,,,,
2022/2/7 20:28:26,0.44928796,0.55071204,42668.5,0.047790029,0.952209971,42700.01,0.498232599,0.501767401,42703.32,0.486905205,0.513094795,42697,,,,,,,,,,,,
2022/2/7 20:28:34,0.443539896,0.556460104,42668.5,0.075493436,0.924506564,42700,0.43051009,0.56948991,42700,0.404900293,0.595099707,42697,,,,,,,,,,,,
2022/2/7 20:28:42,0.443457983,0.556542017,42668,0.144766648,0.855233352,42700,0.216827661,0.783172339,42700,0.588998145,0.411001855,42694,,,,,,,,,,,,
2022/2/7 20:28:50,0.448403779,0.551596221,42668,0.847175289,0.152824711,42687.19,0.608232956,0.391767044,42688.74,0.519968657,0.480031343,42684,,,,,,,,,,,,
2022/2/7 20:28:59,0.742801783,0.257198217,42660,0.200434374,0.799565626,42686.36,0.309249456,0.690750544,42688.74,0.444233161,0.555766839,42675,,,,,,,,,,,,
2022/2/7 20:29:07,0.769675408,0.230324592,42652,0.140552405,0.859447595,42670.47,0.454588548,0.545411452,42688.74,0.171039622,0.828960378,42668,,,,,,,,,,,,
2022/2/7 20:29:16,0.829733369,0.170266631,42652,0.300567144,0.699432856,42670.01,0.525744936,0.474255064,42688.74,0.197534931,0.802465069,42667,,,,,,,,,,,,
2022/2/7 20:29:25,0.917635571,0.082364429,42652,0.17939679,0.82060321,42670,0.522393342,0.477606658,42688.74,0.41614258,0.58385742,42665,,,,,,,,,,,,
2022/2/7 20:29:33,0.598793179,0.401206821,42652,0.352841624,0.647158376,42700,0.533113707,0.466886293,42688.74,0.305148428,0.694851572,42699,,,,,,,,,,,,
2022/2/7 20:29:44,0.261669508,0.738330492,42659.5,0.028218698,0.971781302,42701.4,0.43127681,0.56872319,42688.74,0.477014115,0.522985885,42696,,,,,,,,,,,,
2022/2/7 20:29:52,0.287456795,0.712543205,42660,0.060892206,0.939107794,42704.47,0.556547386,0.443452614,42688.74,0.401891749,0.598108251,42696,,,,,,,,,,,,
2022/2/7 20:30:01,0.283182851,0.716817149,42660,0.224762295,0.775237705,42700.03,0.45468163,0.54531837,42688.74,0.455860375,0.544139625,42696,,,,,,,,,,,,
2022/2/7 20:30:09,0.261089345,0.738910655,42660,0.090134812,0.909865188,42700,0.572373085,0.427626915,42688.74,0.480935477,0.519064523,42694,,,,,,,,,,,,
2022/2/7 20:30:17,0.270323231,0.729676769,42659.5,0.096507328,0.903492672,42700,0.504309277,0.495690723,42703,0.268009704,0.731990296,42694,,,,,,,,,,,,
2022/2/7 20:30:26,0.273890648,0.726109352,42660,0.055563237,0.944436763,42700.64,0.521733814,0.478266186,42703,0.25107934,0.74892066,42694,,,,,,,,,,,,
2022/2/7 20:30:34,0.178142172,0.821857828,42660,0.50685701,0.49314299,42705.06,0.485561718,0.514438282,42703,0.188226338,0.811773662,42699,,,,,,,,,,,,
2022/2/7 20:30:42,0.170710506,0.829289494,42659.5,0.603993255,0.396006745,42706.79,0.641803139,0.358196861,42711.37,0.177226847,0.822773153,42702,,,,,,,,,,,,
2022/2/7 20:30:50,0.075334121,0.924665879,42661.5,0.480895481,0.519104519,42710.03,0.300272623,0.699727377,42711.37,0.295985688,0.704014312,42715,,,,,,,,,,,,
2022/2/7 20:30:59,0.224165671,0.775834329,42661.5,0.246056355,0.753943645,42706.48,0.478787514,0.521212486,42711.37,0.263107507,0.736892493,42702,,,,,,,,,,,,
2022/2/7 20:31:07,0.253361477,0.746638523,42661.5,0.03018796,0.96981204,42701.57,0.544326766,0.455673234,42711.37,0.197060238,0.802939762,42696,,,,,,,,,,,,
2022/2/7 20:31:15,0.276019856,0.723980144,42662,0.13735089,0.86264911,42701.56,0.518847774,0.481152226,42711.37,0.293458156,0.706541844,42695,,,,,,,,,,,,
2022/2/7 20:31:24,0.302546692,0.697453308,42661.5,0.093299137,0.906700863,42702.15,0.589275521,0.410724479,42704.71,0.179739359,0.820260641,42695,,,,,,,,,,,,
2022/2/7 20:31:33,0.29958746,0.70041254,42661.5,0.049888548,0.950111452,42700.01,0.477655216,0.522344784,42704.71,0.261561398,0.738438602,42695,,,,,,,,,,,,
2022/2/7 20:31:41,0.309921437,0.690078563,42661.5,0.052132407,0.947867593,42700,0.521481391,0.478518609,42704.71,0.263084009,0.736915991,42695,,,,,,,,,,,,
2022/2/7 20:31:50,0.297576433,0.702423567,42662,0.08246189,0.91753811,42702.15,0.549367694,0.450632306,42704.71,0.483595037,0.516404963,42695,,,,,,,,,,,,
2022/2/7 20:31:59,0.311373659,0.688626341,42661.5,0.101204989,0.898795011,42703.59,0.587324753,0.412675247,42707.12,0.295166016,0.704833984,42701,,,,,,,,,,,,
2022/2/7 20:32:07,0.235013756,0.764986244,42661.5,0.775108447,0.224891553,42708.74,0.415344153,0.584655847,42707.12,0.472447079,0.527552921,42705,,,,,,,,,,,,
2022/2/7 20:32:15,0.276829858,0.723170142,42662,0.028657323,0.971342677,42700.32,0.450669512,0.549330488,42707.12,0.342867278,0.657132722,42705,,,,,,,,,,,,
2022/2/7 20:32:24,0.122401378,0.877598622,42662,0.181776479,0.818223521,42706.83,0.475136196,0.524863804,42704.95,0.472903155,0.527096845,42702,,,,,,,,,,,,
2022/2/7 20:32:33,0.241423231,0.758576769,42661.5,0.431228144,0.568771856,42701.97,0.58440605,0.41559395,42704.95,0.436345752,0.563654248,42691,,,,,,,,,,,,
2022/2/7 20:32:41,0.334625186,0.665374814,42662,0.246516546,0.753483454,42700,0.632300361,0.367699639,42704.95,0.275331828,0.724668172,42692,,,,,,,,,,,,
2022/2/7 20:32:50,0.328703952,0.671296048,42661.5,0.082407108,0.917592892,42710,0.573666076,0.426333924,42704.59,0.367347536,0.632652464,42697,,,,,,,,,,,,
2022/2/7 20:32:58,0.227399874,0.772600126,42662,0.301218693,0.698781307,42710.01,0.489841643,0.510158357,42699.01,0.428264046,0.571735954,42700,,,,,,,,,,,,
2022/2/7 20:33:07,0.084692923,0.915307077,42662,0.457292157,0.542707843,42714.28,0.529540161,0.470459839,42708.54,0.389725828,0.610274172,42708,,,,,,,,,,,,
2022/2/7 20:33:16,0.084982528,0.915017472,42661.5,0.21402916,0.78597084,42720.02,0.473322579,0.526677421,42708.54,0.442882902,0.557117098,42708,,,,,,,,,,,,
2022/2/7 20:33:24,0.085939799,0.914060201,42661.5,0.137966562,0.862033438,42720.64,0.552457975,0.447542025,42722.05,0.425018506,0.574981494,42708,,,,,,,,,,,,
2022/2/7 20:33:33,0.066088841,0.933911159,42661.5,0.033503653,0.966496347,42720.03,0.435498856,0.564501144,42722.05,0.35691433,0.64308567,42708,,,,,,,,,,,,
2022/2/7 20:33:41,0.177965374,0.822034626,42661.5,0.235327184,0.764672816,42715.21,0.42734159,0.57265841,42704.17,0.252247925,0.747752075,42704,,,,,,,,,,,,
2022/2/7 20:33:50,0.163701538,0.836298462,42661.5,0.098190065,0.901809935,42720,0.423258397,0.576741603,42710,0.379322803,0.620677197,42708,,,,,,,,,,,,
2022/2/7 20:33:58,0.165434968,0.834565032,42662,0.194009946,0.805990054,42720,0.445088364,0.554911636,42710,0.509200339,0.490799661,42708,,,,,,,,,,,,
2022/2/7 20:34:07,0.354181218,0.645818782,42662,0.225033805,0.774966195,42700,0.544489447,0.455510553,42710,0.311565567,0.688434433,42689,,,,,,,,,,,,
2022/2/7 20:34:15,0.323324401,0.676675599,42662,0.102487263,0.897512737,42700.02,0.535868782,0.464131218,42692.09,0.246254135,0.753745865,42694,,,,,,,,,,,,
2022/2/7 20:34:24,0.337270398,0.662729602,42662,0.552619776,0.447380224,42700,0.526463576,0.473536424,42688.74,0.747098854,0.252901146,42681,,,,,,,,,,,,
2022/2/7 20:34:32,0.525754941,0.474245059,42650,0.301083968,0.698916032,42687.26,0.613700219,0.386299781,42680.3,0.577459597,0.422540403,42675,,,,,,,,,,,,
2022/2/7 20:34:40,0.768776205,0.231223795,42650,0.358573704,0.641426296,42680,0.471237865,0.528762135,42680.3,0.473022372,0.526977628,42674,,,,,,,,,,,,
2022/2/7 20:34:49,0.897412827,0.102587173,42647,0.087660263,0.912339737,42670.51,0.536776713,0.463223287,42680.3,0.319364463,0.680635537,42664,,,,,,,,,,,,
2022/2/7 20:34:58,0.917699974,0.082300026,42645,0.296550962,0.703449038,42670.51,0.56847227,0.43152773,42680.3,0.486973497,0.513026503,42674,,,,,,,,,,,,
2022/2/7 20:35:07,0.569925235,0.430074765,42644.5,0.069599446,0.930400554,42670.69,0.561527077,0.438472923,42681.73,0.373465209,0.626534791,42670,,,,,,,,,,,,
2022/2/7 20:35:16,0.937534208,0.062465792,42644,0.64582738,0.35417262,42670,0.580699793,0.419300207,42681.73,0.487861169,0.512138831,42661,,,,,,,,,,,,
2022/2/7 20:35:24,0.971028386,0.028971614,42643.5,0.085505861,0.914494139,42660.01,0.446436993,0.553563007,42681.73,0.373436097,0.626563903,42656,,,,,,,,,,,,
2022/2/7 20:35:32,0.30369772,0.69630228,42639,0.544041081,0.455958919,42678.58,0.543714168,0.456285832,42669.06,0.211195531,0.788804469,42670,,,,,,,,,,,,
2022/2/7 20:35:41,0.338621772,0.661378228,42638.5,0.643107704,0.356892296,42675,0.506524279,0.493475721,42669.06,0.161070137,0.838929863,42668,,,,,,,,,,,,
2022/2/7 20:35:49,0.328437546,0.671562454,42638.5,0.017104205,0.982895795,42681.72,0.227506431,0.772493569,42669.06,0.229200277,0.770799723,42669,,,,,,,,,,,,
2022/2/7 20:35:58,0.29614597,0.70385403,42638.5,0.049730061,0.950269939,42690,0.556510449,0.443489551,42669.06,0.331906413,0.668093587,42676,,,,,,,,,,,,
2022/2/7 20:36:06,0.342570633,0.657429367,42639,0.255724507,0.744275493,42680,0.416298001,0.583701999,42669.06,0.289001862,0.710998138,42671,,,,,,,,,,,,
2022/2/7 20:36:14,0.354818567,0.645181433,42638.5,0.097914783,0.902085217,42680.01,0.509627773,0.490372227,42676.42,0.293828892,0.706171108,42670,,,,,,,,,,,,
2022/2/7 20:36:22,0.367023731,0.632976269,42639,0.214667945,0.785332055,42689.99,0.695429163,0.304570837,42679.33,0.446141758,0.553858242,42677,,,,,,,,,,,,
2022/2/7 20:36:31,0.049914203,0.950085797,42650.5,0.109280658,0.890719342,42704.77,0.406143883,0.593856117,42680.49,0.310135529,0.689864471,42698,,,,,,,,,,,,
2022/2/7 20:36:39,0.30914784,0.69085216,42668.5,0.395210872,0.604789128,42708.86,0.447225529,0.552774471,42702.75,0.261828571,0.738171429,42708,,,,,,,,,,,,
2022/2/7 20:36:48,0.349675018,0.650324982,42668,0.318313619,0.681686381,42708.85,0.481630152,0.518369848,42702.75,0.527162282,0.472837718,42702,,,,,,,,,,,,
2022/2/7 20:36:57,0.2660912,0.7339088,42668.5,0.649749144,0.350250856,42714.76,0.609844287,0.390155713,42702.75,0.359875686,0.640124314,42704,,,,,,,,,,,,
2022/2/7 20:37:05,0.280191095,0.719808905,42668.5,0.559211345,0.440788655,42711.64,0.563083678,0.436916322,42702.75,0.429297007,0.570702993,42708,,,,,,,,,,,,
2022/2/7 20:37:13,0.308139501,0.691860499,42668,0.626121818,0.373878182,42707.52,0.500778149,0.499221851,42702.75,0.452720805,0.547279195,42708,,,,,,,,,,,,
2022/2/7 20:37:22,0.349549376,0.650450624,42668,0.881709342,0.118290658,42708.86,0.445529674,0.554470326,42702.75,0.322603272,0.677396728,42703,,,,,,,,,,,,
2022/2/7 20:37:30,0.321824566,0.678175434,42668.5,0.233564033,0.766435967,42714.11,0.45184088,0.54815912,42702.75,0.433307857,0.566692143,42708,,,,,,,,,,,,
2022/2/7 20:37:39,0.228136239,0.771863761,42668.5,0.508635435,0.491364565,42715.44,0.638202094,0.361797906,42705.28,0.491317951,0.508682049,42708,,,,,,,,,,,,
2022/2/7 20:37:47,0.261442985,0.738557015,42668,0.432774549,0.567225451,42714.92,0.627040546,0.372959454,42705.28,0.309273824,0.690726176,42710,,,,,,,,,,,,
2022/2/7 20:37:55,0.372048988,0.627951012,42668,0.367164199,0.632835801,42705.79,0.517599645,0.482400355,42705.28,0.333263998,0.666736002,42707,,,,,,,,,,,,
2022/2/7 20:38:04,0.371277323,0.628722677,42668,0.165538235,0.834461765,42705.79,0.58225604,0.41774396,42705.28,0.49872618,0.50127382,42705,,,,,,,,,,,,
2022/2/7 20:38:13,0.39301319,0.60698681,42668.5,0.277530122,0.722469878,42705.31,0.631788522,0.368211478,42705.28,0.270126767,0.729873233,42702,,,,,,,,,,,,
2022/2/7 20:38:21,0.762830061,0.237169939,42668,0.477779163,0.522220837,42690.02,0.625246247,0.374753753,42695.2,0.522189099,0.477810901,42689,,,,,,,,,,,,
2022/2/7 20:38:29,0.446648667,0.553351333,42655,0.618225429,0.381774571,42692,0.608618036,0.391381964,42685.38,0.423715861,0.576284139,42692,,,,,,,,,,,,
2022/2/7 20:38:37,0.485633012,0.514366988,42654.5,0.214508872,0.785491128,42693.49,0.60482617,0.39517383,42685.38,0.402370646,0.597629354,42700,,,,,,,,,,,,
2022/2/7 20:38:46,0.539765103,0.460234897,42654.5,0.658560719,0.341439281,42689.41,0.515393066,0.484606934,42685.38,0.470714613,0.529285387,42700,,,,,,,,,,,,
2022/2/7 20:38:54,0.515406486,0.484593514,42655,0.054090157,0.945909843,42694.92,0.474335309,0.525664691,42685.38,0.205899772,0.794100228,42693,,,,,,,,,,,,
2022/2/7 20:39:02,0.495820825,0.504179175,42655,0.763463686,0.236536314,42695,0.512370695,0.487629305,42685.38,0.572210298,0.427789702,42693,,,,,,,,,,,,
2022/2/7 20:39:10,0.478909567,0.521090433,42655,0.677539842,0.322460158,42698,0.509247461,0.490752539,42685.38,0.646052695,0.353947305,42693,,,,,,,,,,,,
2022/2/7 20:39:19,0.448579832,0.551420168,42655,0.176501271,0.823498729,42692.99,0.56262235,0.43737765,42685.38,0.548434817,0.451565183,42693,,,,,,,,,,,,
2022/2/7 20:39:28,0.479898309,0.520101691,42655,0.006631698,0.993368302,42690.85,0.494576066,0.505423934,42685.38,0.394282722,0.605717278,42688,,,,,,,,,,,,
2022/2/7 20:39:36,0.476874764,0.523125236,42655,0.380780949,0.619219051,42693.54,0.484400653,0.515599347,42700.96,0.679894398,0.320105602,42688,,,,,,,,,,,,
2022/2/7 20:39:45,0.464968892,0.535031108,42655,0.283574481,0.716425519,42692.83,0.523671129,0.476328871,42683.51,0.5596937,0.4403063,42688,,,,,,,,,,,,
2022/2/7 20:39:53,0.459960167,0.540039833,42655,0.026820748,0.973179252,42692,0.460284418,0.539715582,42683.51,0.259255314,0.740744686,42688,,,,,,,,,,,,
2022/2/7 20:40:02,0.365533927,0.634466073,42654.5,0.315460424,0.684539576,42699.06,0.550438855,0.449561145,42683.51,0.566732374,0.433267626,42690,,,,,,,,,,,,
2022/2/7 20:40:11,0.413669065,0.586330935,42655,0.907959091,0.092040909,42693.38,0.391503964,0.608496036,42683.51,0.414343843,0.585656157,42690,,,,,,,,,,,,
2022/2/7 20:40:19,0.422445896,0.577554104,42654.5,0.402403022,0.597596978,42692.85,0.383077221,0.616922779,42683.51,0.225031138,0.774968862,42691,,,,,,,,,,,,
2022/2/7 20:40:29,0.434091116,0.565908884,42655,0.005585947,0.994414053,42690.67,0.440362306,0.559637694,42683.51,0.207200664,0.792799336,42690,,,,,,,,,,,,
2022/2/7 20:40:37,0.520339907,0.479660093,42655,0.071036215,0.928963785,42690,0.608608195,0.391391805,42677.49,0.4423075,0.5576925,42683,,,,,,,,,,,,
2022/2/7 20:40:45,0.462640658,0.537359342,42655,0.017352468,0.982647532,42690,0.536239097,0.463760903,42677.49,0.441759338,0.558240662,42683,,,,,,,,,,,,
2022/2/7 20:40:54,0.547282556,0.452717444,42655,0.320322596,0.679677404,42680,0.434942232,0.565057768,42677.17,0.455013498,0.544986502,42673,,,,,,,,,,,,
2022/2/7 20:41:02,0.246757488,0.753242512,42638.5,0.314762549,0.685237451,42686.44,0.527348878,0.472651122,42677.17,0.355796507,0.644203493,42681,,,,,,,,,,,,
2022/2/7 20:41:12,0.277609105,0.722390895,42639,0.190284802,0.809715198,42682.45,0.462237878,0.537762122,42686.61,0.561353062,0.438646938,42678,,,,,,,,,,,,
2022/2/7 20:41:20,0.257941539,0.742058461,42638.5,0.114957353,0.885042647,42687.24,0.516427903,0.483572097,42686.61,0.27425492,0.72574508,42687,,,,,,,,,,,,
2022/2/7 20:41:29,0.07125709,0.92874291,42638.5,0.947159556,0.052840444,42689.93,0.555170003,0.444829997,42686.61,0.234950836,0.765049164,42692,,,,,,,,,,,,
2022/2/7 20:41:37,0.413064922,0.586935078,42639,0.197146879,0.802853121,42681.2,0.477313905,0.522686095,42686.61,0.295279691,0.704720309,42679,,,,,,,,,,,,
2022/2/7 20:41:46,0.383381112,0.616618888,42639,0.301454643,0.698545357,42685,0.510119014,0.489880986,42686.61,0.301744556,0.698255444,42679,,,,,,,,,,,,
2022/2/7 20:41:54,0.407131255,0.592868745,42638.5,0.090761232,0.909238768,42683.51,0.471183948,0.528816052,42686.61,0.499250335,0.500749665,42678,,,,,,,,,,,,
2022/2/7 20:42:04,0.409757488,0.590242512,42638.5,0.449644166,0.550355834,42683.61,0.559392875,0.440607125,42686.61,0.477443965,0.522556035,42678,,,,,,,,,,,,
2022/2/7 20:42:13,0.2122566,0.7877434,42654.5,0.628616254,0.371383746,42698.93,0.38700993,0.61299007,42686.61,0.49342571,0.50657429,42700,,,,,,,,,,,,
2022/2/7 20:42:21,0.345799375,0.654200625,42654.5,0.629528177,0.370471823,42698.92,0.611054961,0.388945039,42686.61,0.238064466,0.761935534,42697,,,,,,,,,,,,
2022/2/7 20:42:29,0.121704766,0.878295234,42654,0.217561112,0.782438888,42706.98,0.597340515,0.402659485,42709.21,0.459826161,0.540173839,42700,,,,,,,,,,,,
2022/2/7 20:42:38,0.10168386,0.89831614,42654,0.220040108,0.779959892,42709.37,0.440970998,0.559029002,42709.21,0.61532319,0.38467681,42703,,,,,,,,,,,,
2022/2/7 20:42:46,0.109241928,0.890758072,42654.5,0.237356803,0.762643197,42713.01,0.584473297,0.415526703,42709.21,0.514531493,0.485468507,42702,,,,,,,,,,,,
2022/2/7 20:42:55,0.158778671,0.841221329,42659.5,0.205070962,0.794929038,42710.05,0.540017804,0.459982196,42709.21,0.62789839,0.37210161,42702,,,,,,,,,,,,
2022/2/7 20:43:03,0.180472024,0.819527976,42659,0.557899001,0.442100999,42706.98,0.561704064,0.438295936,42709.21,0.622915686,0.377084314,42713,,,,,,,,,,,,
2022/2/7 20:43:12,0.122508079,0.877491921,42659,0.042013323,0.957986677,42710.05,0.43904155,0.56095845,42709.21,0.273598439,0.726401561,42707,,,,,,,,,,,,
2022/2/7 20:43:20,0.115911133,0.884088867,42659.5,0.412101174,0.587898826,42710.04,0.452997118,0.547002882,42709.21,0.210376852,0.789623148,42707,,,,,,,,,,,,
2022/2/7 20:43:28,0.026242678,0.973757322,42659,0.060528882,0.939471118,42716.64,0.260830145,0.739169855,42714.09,0.178538655,0.821461345,42715,,,,,,,,,,,,
2022/2/7 20:43:36,0.029910086,0.970089914,42659,0.284388219,0.715611781,42720.99,0.469080549,0.530919451,42713.24,0.500639192,0.499360808,42715,,,,,,,,,,,,
2022/2/7 20:43:45,0.048993298,0.951006702,42667,0.061077785,0.938922215,42724.01,0.493141536,0.506858464,42726.58,0.451337369,0.548662631,42717,,,,,,,,,,,,
2022/2/7 20:43:53,0.562385182,0.437614818,42688.5,0.105573954,0.894426046,42723.8,0.504561586,0.495438414,42726.58,0.621722482,0.378277518,42720,,,,,,,,,,,,
2022/2/7 20:44:01,0.234652627,0.765347373,42688.5,0.049380552,0.950619448,42728.61,0.338457786,0.661542214,42728.78,0.363096624,0.636903376,42725,,,,,,,,,,,,
2022/2/7 20:44:10,0.280694127,0.719305873,42707,0.066933475,0.933066525,42751.91,0.449763224,0.550236776,42739.79,0.377848634,0.622151366,42741,,,,,,,,,,,,
2022/2/7 20:44:18,0.259054085,0.740945915,42706.5,0.160555585,0.839444415,42739.9,0.590103452,0.409896548,42734.18,0.343838431,0.656161569,42738,,,,,,,,,,,,
2022/2/7 20:44:26,0.448820768,0.551179232,42707,0.366963804,0.633036196,42739.9,0.62224912,0.37775088,42742.91,0.368585379,0.631414621,42735,,,,,,,,,,,,
2022/2/7 20:44:34,0.98950913,0.01049087,42697,0.604230602,0.395769398,42717.74,0.637444142,0.362555858,42742.91,0.609763549,0.390236451,42709,,,,,,,,,,,,
2022/2/7 20:55:23,0.604274281,0.395725719,42630.5,0.303228036,0.696771964,42660.16,0.517504473,0.482495527,42664.81,0.454772976,0.545227024,42657,,,,,,,,,,,,
2022/2/7 20:55:33,0.481779897,0.518220103,42631,0.183092254,0.816907746,42669.1,0.508259303,0.491740697,42664.81,0.749756088,0.250243912,42663,,,,,,,,,,,,
2022/2/7 20:55:42,0.465591814,0.534408186,42630.5,0.289600739,0.710399261,42669.1,0.501851261,0.498148739,42664.81,0.849093207,0.150906793,42668,,,,,,,,,,,,
2022/2/7 20:55:50,0.466788315,0.533211685,42631,0.316561866,0.683438134,42669.1,0.506850623,0.493149377,42664.81,0.810967234,0.189032766,42668,,,,,,,,,,,,
2022/2/7 20:55:59,0.447646828,0.552353172,42631,0.602778586,0.397221414,42669.1,0.457841989,0.542158011,42664.81,0.875610982,0.124389018,42668,,,,,,,,,,,,
2022/2/7 20:56:07,0.443358631,0.556641369,42631,0.781968375,0.218031625,42669.1,0.347553138,0.652446862,42664.81,0.596961555,0.403038445,42667,,,,,,,,,,,,
2022/2/7 20:56:16,0.451169328,0.548830672,42630.5,0.725616156,0.274383844,42664.19,0.469929287,0.530070713,42664.81,0.731884827,0.268115173,42666,,,,,,,,,,,,
2022/2/7 20:56:25,0.335947854,0.664052146,42631,0.273364572,0.726635428,42670,0.430918145,0.569081855,42664.81,0.362959871,0.637040129,42676,,,,,,,,,,,,
2022/2/7 20:56:33,0.222711386,0.777288614,42630.5,0.403065481,0.596934519,42673.71,0.462737121,0.537262879,42664.81,0.467526094,0.532473906,42676,,,,,,,,,,,,
2022/2/7 20:56:42,0.065203327,0.934796673,42630.5,0.570783873,0.429216127,42680,0.361091345,0.638908655,42678.1,0.350128081,0.649871919,42679,,,,,,,,,,,,
2022/2/7 20:56:50,0.039366419,0.960633581,42631,0.557078825,0.442921175,42679.99,0.400598721,0.599401279,42675.34,0.349450387,0.650549613,42685,,,,,,,,,,,,
2022/2/7 20:56:58,0.156610402,0.843389598,42638,0.132505346,0.867494654,42685.78,0.47874001,0.52125999,42687.85,0.40278143,0.59721857,42692,,,,,,,,,,,,
2022/2/7 20:57:07,0.15340827,0.84659173,42649.5,0.043560435,0.956439565,42700,0.572731754,0.427268246,42687.85,0.34995177,0.65004823,42699,,,,,,,,,,,,
2022/2/7 20:57:16,0.017778183,0.982221817,42660,0.515986168,0.484013832,42705.6,0.395748325,0.604251675,42687.85,0.539095321,0.460904679,42699,,,,,,,,,,,,
2022/2/7 20:57:25,0.141719443,0.858280557,42660.5,0.450261463,0.549738537,42707.1,0.475576843,0.524423157,42687.85,0.300528391,0.699471609,42707,,,,,,,,,,,,
2022/2/7 20:57:33,0.087612638,0.912387362,42660.5,0.676226706,0.323773294,42710.36,0.426115398,0.573884602,42687.85,0.525173474,0.474826526,42709,,,,,,,,,,,,
2022/2/7 20:57:41,0.095788033,0.904211967,42660.5,0.63990097,0.36009903,42707.1,0.636137892,0.363862108,42687.85,0.530092886,0.469907114,42707,,,,,,,,,,,,
2022/2/7 20:57:50,0.367271771,0.632728229,42660,0.281094678,0.718905322,42700.01,0.785606133,0.214393867,42687.85,0.33171299,0.66828701,42696,,,,,,,,,,,,
2022/2/7 20:57:59,0.367774846,0.632225154,42660,0.259327435,0.740672565,42701.01,0.773563828,0.226436172,42687.85,0.381698588,0.618301412,42696,,,,,,,,,,,,
2022/2/7 20:58:08,0.308379286,0.691620714,42660.5,0.206270562,0.793729438,42711.96,0.285925271,0.714074729,42702.02,0.362736796,0.637263204,42706,,,,,,,,,,,,
2022/2/7 20:58:17,0.091839894,0.908160106,42665,0.051289701,0.948710299,42716.14,0.552713609,0.447286391,42716.66,0.248000909,0.751999091,42714,,,,,,,,,,,,
2022/2/7 20:58:25,0.191524746,0.808475254,42664.5,0.162438976,0.837561024,42708.29,0.515082191,0.484917809,42716.66,0.31922027,0.68077973,42711,,,,,,,,,,,,
2022/2/7 20:58:34,0.078313675,0.921686325,42665,0.178591713,0.821408287,42724.95,0.432950303,0.567049697,42716.66,0.364269274,0.635730726,42721,,,,,,,,,,,,
2022/2/7 20:58:42,0.053938771,0.946061229,42669,0.533601881,0.466398119,42730,0.662217797,0.337782203,42730.57,0.170372042,0.829627958,42726,,,,,,,,,,,,
2022/2/7 20:58:51,0.023000719,0.976999281,42678,0.3860104,0.6139896,42730,0.493594699,0.506405301,42730.57,0.236325967,0.763674033,42731,,,,,,,,,,,,
2022/2/7 20:58:59,0.039921667,0.960078333,42684.5,0.231203886,0.768796114,42734.73,0.455241724,0.544758276,42730.57,0.238275244,0.761724756,42735,,,,,,,,,,,,
2022/2/7 20:59:08,0.123594367,0.876405633,42685,0.309663121,0.690336879,42734.73,0.542242338,0.457757662,42730.57,0.156380905,0.843619095,42736,,,,,,,,,,,,
2022/2/7 20:59:16,0.16022779,0.83977221,42684.5,0.668846586,0.331153414,42737.62,0.61368208,0.38631792,42730.57,0.349026565,0.650973435,42733,,,,,,,,,,,,
2022/2/7 20:59:25,0.160604725,0.839395275,42685,0.59908049,0.40091951,42734.72,0.562589038,0.437410962,42730.57,0.391883599,0.608116401,42734,,,,,,,,,,,,
2022/2/7 20:59:34,0.148975148,0.851024852,42684.5,0.256753612,0.743246388,42734.83,0.59218673,0.40781327,42730.57,0.433142196,0.566857804,42734,,,,,,,,,,,,
2022/2/7 20:59:43,0.362207683,0.637792317,42684.5,0.339542368,0.660457632,42720.45,0.633829559,0.366170441,42719.6,0.365155174,0.634844826,42719,,,,,,,,,,,,
2022/2/7 20:59:51,0.36440744,0.63559256,42684.5,0.663217091,0.336782909,42721.58,0.620497024,0.379502976,42719.6,0.394491711,0.605508289,42725,,,,,,,,,,,,
2022/2/7 21:00:00,0.34247321,0.65752679,42684.5,0.471810771,0.528189229,42728.41,0.460715574,0.539284426,42719.6,0.366631057,0.633368943,42728,,,,,,,,,,,,
2022/2/7 21:00:08,0.21342509,0.78657491,42685,0.736818609,0.263181391,42729.68,0.517891391,0.482108609,42719.6,0.408594887,0.591405113,42729,,,,,,,,,,,,
2022/2/7 21:00:17,0.078879541,0.921120459,42694.5,0.396786071,0.603213929,42745.62,0.523520101,0.476479899,42741.29,0.126772675,0.873227325,42750,,,,,,,,,,,,
2022/2/7 21:00:26,0.27521455,0.72478545,42743.5,0.407016359,0.592983641,42771.66,0.521331264,0.478668736,42741.29,0.507000172,0.492999828,42779,,,,,,,,,,,,
2022/2/7 21:00:34,0.890165786,0.109834214,42729.5,0.784216344,0.215783656,42760.58,0.606045087,0.393954913,42769.28,0.265680515,0.734319485,42762,,,,,,,,,,,,
2022/2/7 21:00:43,0.791272398,0.208727602,42729,0.648852618,0.351147382,42755.25,0.5992318,0.4007682,42753.52,0.278671374,0.721328626,42761,,,,,,,,,,,,
2022/2/7 21:00:52,0.899096997,0.100903003,42720.5,0.904284822,0.095715178,42742.89,0.670333225,0.329666775,42738.94,0.413036864,0.586963136,42745,,,,,,,,,,,,
2022/2/7 21:01:00,0.924398947,0.075601053,42710,0.657797378,0.342202622,42721.76,0.597353106,0.402646894,42738.94,0.524178491,0.475821509,42731,,,,,,,,,,,,
2022/2/7 21:14:10,0.581744621,0.418255379,42576.5,0.5281886,0.4718114,42604.25,0.618305239,0.381694761,42610.89,0.526930757,0.473069243,42607,,,,,,,,,,,,
2022/2/7 21:14:18,0.577696785,0.422303215,42576,0.876673365,0.123326635,42610.69,0.528600783,0.471399217,42603.03,0.271197993,0.728802007,42607,,,,,,,,,,,,
2022/2/7 21:14:27,0.613408887,0.386591113,42576,0.085153552,0.914846448,42604.01,0.327061112,0.672938888,42603.03,0.492730759,0.507269241,42606,,,,,,,,,,,,
2022/2/7 21:14:35,0.531614729,0.468385271,42576.5,0.260805783,0.739194217,42610.5,0.418776024,0.581223976,42626.67,0.525734502,0.474265498,42613,,,,,,,,,,,,
2022/2/7 21:14:44,0.477241379,0.522758621,42576,0.113306414,0.886693586,42610.01,0.432142702,0.567857298,42626.67,0.485840567,0.514159433,42613,,,,,,,,,,,,
2022/2/7 21:14:52,0.413932549,0.586067451,42576.5,0.148831739,0.851168261,42612.24,0.455945772,0.544054228,42626.67,0.41048355,0.58951645,42610,,,,,,,,,,,,
2022/2/7 21:15:01,0.544428737,0.455571263,42576,0.147584196,0.852415804,42610.02,0.411723384,0.588276616,42626.67,0.384273228,0.615726772,42613,,,,,,,,,,,,
2022/2/7 21:15:11,0.530531718,0.469468282,42576.5,0.665394965,0.334605035,42605.69,0.530082207,0.469917793,42626.67,0.525592874,0.474407126,42613,,,,,,,,,,,,
2022/2/7 21:15:20,0.38824828,0.61175172,42576,0.059429405,0.940570595,42617.8,0.487049553,0.512950447,42603.32,0.587282942,0.412717058,42606,,,,,,,,,,,,
2022/2/7 21:15:28,0.04670287,0.95329713,42580,0.158672688,0.841327312,42624.14,0.548863776,0.451136224,42603.32,0.589792777,0.410207223,42606,,,,,,,,,,,,
2022/2/7 21:15:37,0.078006459,0.921993541,42580,0.275463842,0.724536158,42629.25,0.577792214,0.422207786,42603.32,0.408273225,0.591726775,42631,,,,,,,,,,,,
2022/2/7 21:15:45,0.17752311,0.82247689,42600,0.121513297,0.878486703,42649.99,0.410896995,0.589103005,42661.45,0.335309486,0.664690514,42647,,,,,,,,,,,,
2022/2/7 21:15:54,0.574993185,0.425006815,42600,0.229027817,0.770972183,42623.35,0.525723019,0.474276981,42635.92,0.427449449,0.572550551,42635,,,,,,,,,,,,
2022/2/7 21:16:03,0.603757366,0.396242634,42600,0.192612663,0.807387337,42623.35,0.484091374,0.515908626,42635.92,0.388496063,0.611503937,42635,,,,,,,,,,,,
2022/2/7 21:16:11,0.645493217,0.354506783,42600,0.122384825,0.877615175,42620.89,0.49125241,0.50874759,42635.92,0.583412812,0.416587188,42635,,,,,,,,,,,,
2022/2/7 21:16:20,0.655594391,0.344405609,42600,0.10198171,0.89801829,42618.13,0.494186891,0.505813109,42635.92,0.559177462,0.440822538,42635,,,,,,,,,,,,
2022/2/7 21:16:29,0.171031469,0.828968531,42600,0.242853804,0.757146196,42646.35,0.435866326,0.564133674,42623.53,0.472987506,0.527012494,42630,,,,,,,,,,,,
2022/2/7 21:16:37,0.446275956,0.553724044,42600,0.122304361,0.877695639,42633.08,0.434336368,0.565663632,42623.53,0.343099107,0.656900893,42630,,,,,,,,,,,,
